2724 4812
443 529 569 610 ...33
593 573 644 588 ....

48 732 223 815 expulsus.”
263 733 335 798 Hoe
356 749 427 800 eum
447 733 571 819 reliquia
592 751 654 798 non
676 729 825 817 congruit.
845 769 887 784 --
924 733 1044 800 Verum

48 845 125 910 enirn
142 867 216 910 vero
233 849 262 910 si
282 848 473 933 consideres,
494 856 609 931 quanta
625 843 845 930 α’νιστορησίᾳ
859 855 891 910 et
904 840 1044 932 ἀκρισίᾳ

46 959 127 1022 vitae
140 959 276 1024 Cornelii
289 961 503 1046 conseriptae,
525 969 559 1022 et
581 966 714 1040 quantae
734 953 1042 1050 partessiutoipap·

45 1064 199 1149 τημάτων
228 1067 437 1152 μνημονικῶν
452 1073 507 1156 1),
540 1087 605 1132 non
631 1070 781 1134 audueetn
809 1070 925 1134 dixeris
952 1073 1043 1135 Dod-

45 1183 157 1246 vellum
169 1185 205 1266 ²)
216 1229 226 1268 ,
249 1185 383 1248 Cornelii
404 1184 504 1249 verbe
524 1201 586 1244 non
606 1182 646 1245 de
661 1183 842 1246 oetaeisrno
865 1183 1044 1268 intelligen-

45 1305 126 1383 tem,
150 1297 213 1360 sed
232 1300 272 1362 de
296 1297 376 1380 iuga
395 1297 428 1360 in
448 1293 596 1358 Persium.
638 1291 686 1361 Ita
698 1302 836 1360 mortuus
850 1305 901 1358 est
915 1298 1044 1363 Aristid.

43 1407 90 1471 01.
108 1410 161 1494 79,
181 1412 213 1474 2.
233 1409 346 1472 flare
367 1406 540 1488 explicandi
559 1402 633 1470 ratio
656 1404 884 1490 simplicissima
902 1410 1044 1494 videtur3

41 1521 133 1582 admi
162 1535 261 1581 eausa
288 1519 414 1580 alteram
436 1520 568 1602 propino.
625 1519 727 1598 Quam
748 1515 943 1603 negligenter
963 1523 1045 1588 enim

43 1626 206 1694 Cornelius
227 1629 258 1692 in
279 1638 447 1712 temporum
473 1633 698 1714 computatione
722 1626 841 1716 egerit,
876 1641 931 1697 aut
951 1653 1044 1716 quam

39 1758 155 1824 pravos
177 1740 273 1804 duoes
294 1749 423 1806 secutus
444 1743 504 1830 sit,
539 1741 571 1806 in
590 1743 738 1806 Aristidis
758 1743 825 1805 vitu
851 1759 889 1805 ee
910 1744 1044 1808 demon·-

38 1851 250 1940 sororisant,
282 1854 365 1934 quod
392 1855 475 1914 hune
504 1854 588 1913 dieat
614 1862 705 1918 sexto
731 1851 800 1911 fere
820 1867 917 1936 anno,
952 1868 1044 1935 post..

41 1983 132 2049 quam
154 1975 245 2028 esset
268 1960 442 2048 expulsus,
464 1961 647 2044 populisaito
668 1961 699 2024 iu
719 1961 847 2043 patriam
870 1963 1045 2032 restitutum

12 2089 14 2156 ῥ
38 2093 135 2162 esse,
166 2089 259 2158 quum
280 2085 383 2137 tamen
403 2061 593 2136 annotante
614 2088 683 2136 eum
702 2081 882 2137 revocatum
902 2095 945 2140 ex
963 2077 1045 2142 Pru-

12 2173 146 2254 }taroho
175 2195 299 2251 constet
322 2196 417 2250 etex
438 2181 608 2249 Herodoto.
663 2185 746 2265 Quid
772 2187 899 2272 mnam,
935 2187 964 2250 si
983 2190 1045 2253 hoo

37 2315 139 2386 genus
169 2300 250 2362 duee
286 2297 426 2362 confisus
453 2300 560 2361 mortis
590 2306 714 2380 tompus
742 2298 923 2361 tradiderit!
970 2297 1046 2364 Noli

37 2421 142 2477 umen
164 2411 270 2473 atatim
290 2426 437 2472 resecare
456 2411 591 2473 membra
611 2408 772 2492 putredine
795 2409 919 2471 affeetu.
960 2411 1046 2474 Nam

37 2521 177 2586 levitatis
208 2527 240 2583 et
268 2515 476 2605 negligentiae
503 2521 618 2585 eritnen
649 2540 688 2583 eo
721 2527 827 2602 potest
863 2519 931 2583 fere
959 2520 1044 2605 dilui,
1157 2567 1160 2582 .

37 2633 123 2718 quod
150 2633 281 2696 suribaru
309 2649 452 2696 numeros
486 2641 683 2716 permutasse
716 2640 898 2696 statuamus.
939 2632 1044 2696 Primo

34 2750 130 2832 igitur
150 2749 220 2809 loeo
241 2741 358 2808 scribas
380 2745 521 2831 ‚,IVto'’,
542 2741 638 2808 altero
658 2739 794 2830 „vna”
837 2744 948 2808 Sen'ba
965 2761 1044 2806 vero

12 2856 185 2946 ;faoillime
213 2873 315 2919 errare
339 2855 457 2940 potuit,
492 2857 520 2918 ei
546 2864 613 2918 tota
640 2858 725 2938 vite,
759 2873 839 2936 quae
859 2854 1045 2940 brevissima

12 2955 14 2998 ³
36 2981 108 3056 est,
130 2989 194 3033 una
215 2967 386 3048 eademque
407 2967 519 3047 pagina
540 2965 757 3026 continebatur.
775 2993 819 3010 -α

73 3055 78 3072 κ
122 3081 167 3146 Ut
187 3071 359 3160 temporum
380 3076 604 3162 discrepantia,
625 3074 680 3140 rel
700 3075 820 3140 diseora
840 3070 946 3160 potius
963 3091 1043 3140 eou-

37 3193 165 3276 eordia‚
186 3201 220 3255 ut
240 3192 283 3254 ita
305 3189 425 3276 dieunt,
447 3189 559 3252 elarius
580 3189 640 3253 sub
661 3188 770 3252 oeulos
792 3187 902 3275 eadat,
923 3188 1043 3252 hanone

38 3307 175 3368 tabulam
195 3301 330 3382 adjicere
350 3304 450 3366 lineat.
537 3346 540 3354 ·

82 3617 110 3677 ι)
145 3614 177 3664 V.
195 3609 298 3679 Hisely
315 3603 496 3662 dedentibus
515 3617 543 3660 et
559 3605 732 3660 auctoritate
750 3599 880 3656 Cornelii
897 3599 1024 3674 Nepotis·

82 3749 113 3809 a)
148 3749 245 3801 Annei.
264 3746 394 3817 Thucyd.
411 3763 438 3818 p.
452 3751 493 3814 83.
