2728 4810
706 535 909 608 ...45.....

311 743 399 799 esset
418 729 539 813 ,σωτήρ
567 729 633 813 (cf.
655 731 743 814 sept.
771 734 855 819 808,
882 732 989 832 φῆς
1017 734 1150 823 ideoque
1176 759 1217 803 ea
1243 739 1311 803 iere

314 845 479 932 praedixit,
500 859 581 928 quae
599 843 738 928 virgines
759 855 908 928 exoptant
929 848 961 910 in
984 849 1073 932 Sept.
1093 869 1125 915 v.
1146 853 1226 918 465:
1319 885 1321 894 <

422 992 425 998 -
463 948 511 1020 oia
529 951 718 1036 ὑπέραυχα
737 953 901 1036 catomo
920 951 975 1024 ini
995 957 1108 1028 πτόλει

459 1067 643 1154 μαινομένᾳ
664 1069 780 1153 φρενί,1
808 1070 875 1137 τώς
893 1092 945 1138 νιν
976 1075 978 1082 ’

465 1175 549 1246 Ζεὺς
568 1181 714 1262 veherere
735 1182 844 1268 &nidor
862 1185 1037 1252 nocolone.
1061 1215 1104 1237 .-

392 1295 482 1375 Quod
509 1315 548 1358 co
568 1298 636 1360 veri
661 1293 789 1363 similius
810 1310 880 1388 est,
915 1319 975 1385 quo
1003 1301 1104 1384 magis
1128 1297 1161 1364 in
1189 1302 1316 1384 cyclica

308 1405 467 1472 'thebaide
488 1411 589 1472 omnia
605 1408 649 1472 ad
663 1408 755 1472 Jovis
776 1413 868 1496 signa
889 1413 1108 1478 referebantur.
1140 1414 1314 1496 Polynices

306 1539 384 1586 vero
411 1524 507 1603 patn's
540 1523 637 1585 iuriae
670 1519 831 1588 sacrifieiis
862 1535 976 1604 putans
1003 1545 1100 1609 posse
1126 1526 1243 1606 placari
1263 1525 1315 1608 ²),

304 1633 349 1696 ita
368 1635 452 1695 haud
473 1634 563 1695 dubie
583 1649 622 1694 se
643 1632 803 1716 defendit,
837 1641 872 1694 ut
893 1634 983 1696 animi
1005 1637 1125 1700 ferocia
1145 1647 1179 1702 et
1198 1653 1315 1720 super-
1350 1671 1351 1716 y

305 1746 356 1808 hia
383 1742 478 1806 nitide
507 1743 754 1825 depingerentur.
804 1741 872 1807 Sed
891 1751 1014 1824 praeter
1035 1745 1218 1828 Polynieem
1241 1751 1316 1831 'dy-
1350 1743 1351 1770 ¹

306 1857 398 1920 deum
418 1857 551 1920 maxime
559 1901 572 1940 ,
591 1856 691 1919 virum
712 1856 786 1918 item
804 1853 1033 1918 ferocissimum
1039 1897 1052 1940 ,
1071 1866 1107 1920 ut
1121 1859 1176 1921 vel
1196 1877 1315 1921 nomen

305 1967 460 2054 ostendit,
495 1969 630 2050 itemquo
657 1969 801 2052 exulem,
838 1985 938 2030 senex
960 1951 1208 2048 sapientissimus
1234 1990 1316 2052 per—
1350 2011 1351 2014 κ

304 2082 468 2146 strinxisse
500 2078 633 2142 videtur.
685 2078 778 2158 Quod
812 2100 854 2142 ex
887 2081 1018 2160 Septem
1052 2089 1160 2144 contra
1185 2079 1314 2144 'l'hehas
1349 2045 1351 2162 d

304 2192 457 2274 auspicari
478 2192 572 2277 licet,
608 2192 660 2255 ubi
682 2194 714 2254 in
741 2191 838 2254 nundi
858 2191 1031 2252 narratione
1050 2193 1259 2272 Amphiaraus
1281 2197 1314 2255 in

169 2381 174 2389 ι
302 2306 363 2368 hos
386 2304 465 2368 duos
492 2313 611 2368 tantum
633 2303 806 2386 invehitur,
841 2302 986 2386 'l'ydeum
1007 2301 1114 2365 caedis
1140 2323 1227 2366 reum
1248 2325 1314 2387 ap-

303 2419 443 2504 pellans,
474 2417 610 2482 civitatis
636 2411 844 2502 turbatorem,
875 2411 1039 2484 nmmum
1061 2415 1188 2498 Argivis
1208 2419 1313 2479 mdo-

303 2549 370 2594 rum
397 2532 594 2616 magistmm,
635 2527 750 2592 h'u'riae
780 2536 998 2612 evocatorem,
1033 2529 1168 2590 omnium
1201 2529 1311 2592 horum

303 2643 452 2705 indorum
472 2643 611 2706 Adrasto
632 2659 804 2706 suasorem.
858 2638 980 2702 Deinde
999 2637 1168 2722 Eriphylae
1186 2658 1310 2726 quoque
1348 2635 1349 2642 ’

304 2753 405 2818 monili
426 2751 567 2816 Cadmeo
595 2762 758 2834 corruptae
787 2739 947 2834 perfidiam
976 2751 1008 2814 in
1028 2753 1207 2835 Mphiarai
1234 2774 1307 2817 ora·

305 2866 439 2930 tionibus
459 2869 657 2928 memoratam
677 2883 754 2928 esse
775 2864 957 2946 putaverim.
998 2865 1083 2928 Nam
1104 2865 1187 2949 quod
1205 2867 1308 2950 Poly·

303 2981 391 3044 nicea
411 2981 491 3044 inter
511 2978 595 3040 viros
622 2985 709 3063 erat,
744 2975 829 3039 idem
848 2977 928 3038 inter
955 2978 1098 3040 mrdierea
1118 2997 1307 3056 repraesen-

304 3092 384 3155 tavit
404 3091 573 3175 Eriphyle,
606 3099 640 3152 ut
660 3091 762 3178 ipsum
782 3065 894 3151 nomen
914 3089 992 3150 satis
1012 3087 1112 3168 arguit
1122 3087 1167 3166 ²).
1208 3090 1258 3151 Ita
1278 3091 1306 3150 si

300 3205 382 3271 hano
413 3222 484 3266 cum
511 3203 690 3284 Hypsipyle
721 3202 930 3283 composueris
937 3245 950 3287 ,
996 3199 1095 3261 habes
1132 3216 1214 3280 quae
1248 3219 1303 3280 pro

300 3335 385 3382 more
405 3315 597 3398 Aeschyleo·
617 3313 761 3397 Polynici
785 3311 995 3396 respondeant
1020 3320 1054 3374 et
1080 3310 1202 3396 Tydeo.
1244 3314 1301 3374 ilis
1345 3399 1346 3404 ἵ

342 3579 368 3650 ι’)
403 3581 546 3638 Similiter
567 3583 600 3638 in
622 3584 701 3654 Sept.
723 3585 774 3645 682
795 3579 910 3658 Eteocli
936 3581 1042 3635 chorus
1064 3580 1181 3634 euadere
1205 3580 1301 3633 studet

399 3680 518 3736 Furiam
535 3671 593 3738 mon
603 3687 714 3741 intrare
731 3687 847 3740 domum
864 3667 949 3733 &W
966 3667 1002 3732 ἐκ
1020 3667 1132 3746 Χδρῶν
1145 3663 1219 3730 98οὶ
1235 3667 1298 3730 3⁰⁴
1344 3705 1345 3730 z

404 3768 484 3836 σὶαν
505 3770 677 3848 δέχωνται.

341 3917 369 3986 a)
401 3895 576 3984 Ἐριφύλη
596 3922 642 3961 =
661 3900 842 3987 'Epztpstm
868 3915 903 3968 de
928 3911 1079 3968 literarum
1099 3919 1112 3961 t
1135 3923 1165 3966 et
1187 3919 1211 3962 v
1233 3933 1297 3987 per·

400 4002 561 4057 mutatione
576 4018 603 4057 v.
621 4001 739 4054 Welher
754 4003 775 4056 l.
792 4003 813 4057 1.
829 4002 866 4055 N.
885 4002 926 4056 16.
1343 3979 1344 4045 d
