2728 4810
449 538 648 610 ...47...

44 737 217 824 expositis,
237 739 293 806 vix
307 745 379 821 eet,
400 734 482 821 qood
493 755 638 802 'moneam
654 735 929 820 hunctrogoediae
942 751 1046 806 aotmn

43 846 141 912 etad
160 849 397 936 longitudinem,
428 857 462 912 et
483 847 523 913 ad
543 857 758 934 argumentum
776 849 897 912 mediae
917 847 1048 934 Septem

42 961 169 1026 fabulae
195 963 282 1043 parti·
302 960 561 1044 aequiparandum
581 978 667 1024 esse.
715 963 752 1022 ln
774 961 905 1027 stasimo
931 975 1047 1051 autom,

43 1075 128 1158 qood
147 1093 232 1139 nnnc
254 1077 458 1161 sequebatur,
490 1074 657 1138 eboreuta‘c
668 1071 709 1135 id
715 1115 726 1157 ,
758 1071 841 1154 qood
862 1075 958 1156 primo
978 1076 1047 1140 ior·
1137 1100 1141 1106 ¹

43 1197 135 1254 tasso
152 1193 252 1252 'cantu
268 1187 334 1270 jam
356 1187 507 1271 prolocuti
528 1193 634 1272 erant,
656 1203 749 1268 quum
761 1185 947 1268 Amphiarai
968 1208 1047 1252 ver-

42 1301 91 1364 bis
114 1300 365 1388 confirmaretur,
386 1299 495 1382 majori
516 1317 585 1362 cum
606 1298 806 1362 vehementia
825 1307 860 1362 ot
876 1302 1048 1366 acerbitate

40 1420 207 1497 repetunt,
235 1413 380 1497 Polynici
397 1414 543 1495 imprimis
563 1411 749 1494 impietatem
770 1413 993 1493 exprobrantes
1015 1423 1049 1478 ct

10 1559 11 1562 =
40 1521 173 1619 deorum
195 1530 393 1591 contemtum.
820 1589 823 1596 .
951 1591 952 1596 ,

128 1637 294 1702 Postrema
316 1639 448 1721 denique
468 1637 646 1722 tragoediae
665 1642 739 1720 pers
770 1635 838 1720 egit
857 1635 898 1700 de
917 1636 1047 1730 institn-

39 1745 183 1830 tion01)
210 1751 419 1836 Nemeorum,
454 1752 565 1832 quibus
594 1751 805 1814 Archemorus
833 1753 1047 1840 honoraretur,

10 1855 12 1920 i
39 1869 74 1922 et
93 1860 187 1924 Jovis
207 1863 412 1945 Lycurgiqne
431 1863 477 1922 ira
497 1865 680 1940 placaretur.
733 1863 861 1941 Atque,
894 1873 930 1923 ut
956 1885 1047 1928 suam

20 1947 184 2058 ¹quaeque
217 1972 363 2047 dramatis
392 1989 466 2053 pars
494 1987 660 2052 personam
686 1970 832 2035 exhibere
866 1975 964 2060 solet,
998 1977 1048 2040 sic

10 2079 12 2112 ³
37 2088 91 2149 hic
104 2086 275 2148 Adrastum
295 2083 449 2166 prodiisse
465 2091 554 2146 extra
576 2079 771 2146 dubitationis
792 2087 891 2150 aleam
913 2089 1051 2170 positum'

10 2113 13 2252 l
38 2207 100 2262 est.
142 2199 195 2261 Ex
215 2198 363 2262 Welkeri
379 2193 538 2260 sententia
558 2194 650 2258 etiarn
675 2195 745 2276 ipsa
763 2197 887 2262 Nemea
906 2202 994 2264 venit
1013 2202 1045 2265 in

10 2297 12 2366 ῗ
38 2320 251 2394 conspectum.
293 2308 386 2390 Quod
406 2309 468 2372 etsi
488 2327 551 2372 non
567 2307 669 2372 minus
688 2309 840 2374 incertum
861 2318 931 2398 est,
953 2325 1046 2395 qnam

38 2425 187 2509 plurima,
226 2441 307 2505 quae
335 2419 376 2484 de
404 2418 498 2500 hujus
525 2419 649 2484 fabulae
677 2422 875 2489 edomatione
906 2426 1045 2508 proferre

39 2535 145 2598 conati
168 2537 298 2622 sumus,
328 2541 452 2619 tomen,
485 2551 578 2616 quum
598 2533 781 2616 Aeschyleo
807 2534 955 2600 cothurno
982 2547 1045 2601 non

10 2691 12 2734 4
38 2647 82 2710 sit
108 2645 289 2733 indignum,
321 2643 361 2708 ad
383 2663 515 2728 eamque
536 2646 749 2728 quaestionem
777 2653 843 2710 tota
862 2648 930 2714 fore
949 2650 1043 2732 hujus
1168 2633 1170 2642 ¹

10 2775 12 2842 ς
38 2758 84 2820 rei
107 2757 280 2841 disquisitio
300 2757 479 2824 revocanda
498 2741 559 2846 sit',
586 2759 717 2824 libenter
738 2755 864 2844 accipio.

10 2849 13 2984 l
389 3005 392 3012 .
526 2949 562 3024 o.
811 3008 814 3031 .

10 3055 11 3068 ¹
280 3060 440 3144 Septem
470 3071 608 3126 eontra
639 3063 801 3126 Thebae.

123 3203 387 3308 Quemadmodum
414 3228 521 3274 omnes
545 3209 615 3273 sero
640 3209 761 3274 mediae
781 3208 966 3294 trilogiarum
987 3210 1041 3274 fa-

39 3321 130 3383 bulae
150 3326 183 3382 et
210 3319 356 3384 iocinoris
381 3323 611 3410 magnitudine,
647 3330 681 3385 et
701 3322 821 3406 tragico
847 3323 898 3387 illo
920 3323 1041 3406 spiritu,

39 3436 205 3496 animorum
226 3452 342 3496 sensus
363 3434 566 3498 vehementer
587 3435 764 3522 excitante,
792 3434 896 3496 socias
916 3433 1050 3498 fabulos-

40 3547 131 3630 longe
152 3547 254 3610 solent
273 3553 441 3636 superare,
468 3549 568 3648 sicin
588 3549 720 3630 Septem
741 3561 864 3628 quoque
885 3543 926 3609 ad
947 3566 1037 3612 sum-
1128 3583 1130 3588 ·

43 3701 338 3716 Ἣ

79 3809 109 3872 ι)
143 3803 189 3858 Gi.
206 3803 299 3859 Schol.
317 3803 417 3874 Pina„
448 3801 499 3873 qui
522 3799 558 3854 de
578 3799 685 3854 horum
707 3801 898 3853 certaminum
919 3799 1036 3852 institn-

140 3904 221 3958 tione
238 3907 325 3965 dicit:
344 3889 454 3954 mov
476 3885 523 3964 δὲ,
550 3879 599 3950 ὧν
617 3883 677 3949 καὶ
690 3883 869 3966 Ἀἰσχύλος
887 3883 937 3947 ἐπ’
956 3885 1034 3962 Ἀρ-

143 3989 298 4076 χεμόρῳ,
321 3995 370 4078 τῷ
391 3988 524 4070 Νεμέας
545 3988 651 4056 nasot.
