2728 4810
433 501 632 642 -aoss-

118 765 187 830 Alio
206 763 298 830 affert
315 767 423 851 Haupt
444 768 552 851 (Sept.
572 769 604 852 pg
623 765 714 848 324).
754 749 757 756 ’

118 879 324 960 Sept.v.413.
365 881 612 962 μεσημβρινοῖσι
632 875 776 942 θάλπεσι

27 1013 75 1046 =
95 989 321 1074 Suppl.v.728.
364 989 399 1056 ἐν
417 991 625 1075 μεσημβρίας
645 988 777 1054 θάλπει
820 1011 822 1016 ·

114 1101 320 1186 sophum.
361 1105 507 1184 μιαίνων
528 1101 698 1183 εὐσέβειαν
720 1097 826 1186 ’Ἄρης

28 1237 74 1271 =
95 1215 202 1298 Suppl.
211 1237 241 1280 v.
249 1217 322 1280 638.
363 1215 499 1296 μάλλον
516 1213 604 1298 ”App
623 1253 666 1264 —-
685 1214 876 1294 μιαίνοντα.

113 1329 203 1408 Quae
216 1331 317 1393 omnia
329 1329 390 1392 hoc
406 1338 493 1392 certe
505 1331 634 1411 probant
641 1335 804 1413 'utramque
820 1315 959 1393 fabulam
974 1347 1033 1391 eo-

27 1439 101 1503 dem
136 1441 205 1503 fere
242 1450 383 1521 tempore
414 1443 612 1524 compositam
648 1460 732 1504 esse.
791 1441 858 1506 Sed
892 1450 926 1504 ut
960 1439 1035 1504 illud

26 1571 174 1639 quoque,
200 1559 274 1634 post
293 1552 446 1635 Aeschyli
466 1554 739 1638 peregrinationem
761 1555 890 1636 Septem
920 1573 948 1616 c.
976 1555 1034 1616 uh.

5 1705 6 1710 κ
25 1664 163 1726 Athenis
183 1666 214 1726 in
236 1681 362 1726 scenam
382 1664 563 1745 productam
582 1685 677 1753 esse,
697 1666 784 1752 aliis,
809 1684 899 1749 quam
913 1666 1034 1729 hucus-

27 1796 91 1857 que
117 1775 200 1862 l'eci,
247 1778 436 1858 argumentis
467 1779 650 1863 ostendam,
694 1781 781 1859 plura
815 1797 853 1839 se
887 1777 1033 1864 offerrmt,

5 1885 108 1970 ²quae
128 1890 251 1951 minime
272 1887 450 1967 spernenda
473 1905 549 1948 esse
565 1895 649 1966 puto.
685 1886 794 1947 Posila
815 1895 888 1947 sunt
909 1889 1035 1951 calere

25 1999 129 2063 omnia
148 1999 181 2060 in
199 1997 355 2080 Aeschyli
377 1995 584 2084 Σικελισμῷ,
620 2017 713 2080 quem
740 1997 883 2080 equidem
911 2016 972 2061 non
995 1997 1036 2061 ad

5 2112 127 2220 pverba
146 2111 246 2173 solum
255 2155 269 2196 ,
299 2109 358 2172 sed
380 2111 472 2173 etiam
493 2109 533 2172 ad
555 2118 672 2197 artem,
701 2111 823 2194 qualem
841 2103 877 2172 'in
897 2112 1034 2193 plurimis

5 2231 141 2308 ‘poetae
160 2221 328 2306 tragoediis
350 2221 626 2310 deprehendimus,
655 2223 818 2286 retulerim.
844 2255 887 2269 ·-
928 2223 973 2286 Ut
994 2221 1034 2284 de

24 2339 133 2402 verbis
154 2336 306 2401 ordiamur
313 2379 325 2422 7
360 2351 412 2398 res
442 2343 494 2398 est
520 2334 681 2397 notissima
701 2334 925 2416 veteribusque
953 2334 1035 2396 bene

25 2448 264 2534 perspecta1),
283 2446 479 2529 Aeschylum
501 2446 542 2509 ad
563 2446 737 2530 augendam
757 2445 938 2528 tragoediae
958 2464 1035 2529 gra-

23 2564 158 2628 vitatem
177 2560 274 2623 multa
299 2559 330 2621 in
358 2577 531 2622 sermonem
554 2575 646 2622 suum
673 2557 855 2642 recepisse,
891 2575 972 2640 quae
993 2577 1035 2621 ex

25 2676 202 2740 Siculorum
223 2670 448 2736 consuetudine
467 2671 608 2752 profecta
637 2677 719 2733 sunt.
761 2671 797 2730 ln
817 2669 926 2732 Persis
957 2689 1035 2734 vero

25 2789 113 2851 nulla
134 2786 345 2866 reperiuntur,
380 2790 434 2845 aut
454 2783 615 2846 levissima
644 2789 764 2845 tantum
788 2777 882 2860 hujus
906 2781 951 2844 rei
971 2802 1035 2844 ve-

5 2898 143 2982 stigio,
182 2901 288 2956 contra
306 2892 338 2952 in
358 2892 417 2977 iis,
454 2910 535 2972 quoe
558 2901 632 2974 post
659 2893 762 2955 editae
787 2899 880 2976 sunt,
922 2889 1043 2955 fabulis

5 2989 6 2996 ί
27 3007 182 3091 permulta
202 3005 295 3068 obvia
316 3002 413 3089 liunt,
449 3021 529 3085 quae
557 3003 679 3083 sapiant
699 2993 873 3064 sermonem
892 3005 1036 3086 peregri·

27 3137 110 3183 num.
163 3116 301 3197 Quorum
328 3115 471 3199 quoniam
492 3111 676 3179 Theodorus
702 3101 812 3198 Bergk
829 3114 876 3197 ’J'
893 3113 1043 3201 magnam

30 3281 317 3304 ...ι-ι-ι-ι-ὶι-

72 3409 98 3477 ι)
131 3405 235 3462 Athen.
241 3404 293 3470 lx,
305 3420 333 3473 p.
341 3418 393 3470 ιιι
405 3405 437 3458 c.
447 3386 499 3453 ὅτι
513 3383 727 3464 δὲΑίσχύλος
737 3384 919 3464 διατρίψας
933 3381 969 3446 ἐν
978 3385 1035 3450 Σι·

135 3490 234 3577 κελίᾳ
248 3489 391 3552 πολλαῖς
410 3487 569 3572 κέχρηται
582 3493 717 3571 φωναῖς
726 3485 917 3554 Σικελικαῖς
935 3483 1037 3552 οὐδὲν

134 3589 347 3668 Savpaordr.
390 3607 428 3660 Et
456 3603 536 3677 quod
553 3605 722 3659 Macrobius
745 3597 908 3669 (saturnal.
925 3597 965 3665 V,
986 3594 1034 3665 ις)

130 3692 302 3763 Aeschylum
324 3692 456 3744 nominat
477 3689 591 3758 „virum
612 3686 774 3753 siculum¹‘‚
796 3683 828 3738 id
845 3700 904 3736 non
921 3679 1036 3733 tantum

132 3777 167 3829 de
184 3777 412 3832 commoratione
428 3775 599 3846 acceperim.
641 3771 686 3824 ef.
703 3769 825 3824 Boeokh.
849 3769 884 3822 de
907 3763 1036 3836 princip.

70 3953 99 4018 ι)
131 3871 367 4002 ῗῗεξείιίίοῇίίι
399 3943 451 3999 fiir
475 3937 854 3997 Alterthumswisaenachait
884 3937 957 4002 1835.
998 3927 1035 3982 N.

130 4037 250 4101 marcq.
