2724 4812
549 1385 599 1471 ll

96 1575 150 1660 lle
176 1598 323 1682 tempore
354 1603 422 1685 'pcc
447 1593 585 1684 Septem
613 1599 735 1666 contro
762 1591 899 1663 coecos
919 1593 1045 1680 fabulo

377 1733 507 1819 scripto
530 1737 578 1800 ait
598 1725 640 1798 'et
663 1732 764 1800 edila.

557 1964 588 2034 1.

70 2089 185 2206 satis
206 2141 247 2206 de
267 2161 306 2208 ec
318 2143 476 2239 ,convenit
494 2143 574 2206 inter
595 2159 703 2206 omnen
711 2186 725 2229 ,
759 2142 801 2204 uil
821 2151 856 2204 et
874 2139 1020 2222 majorem
1040 2142 1072 2204 iu
1092 2137 1096 2148 '
1188 2229 1190 2233 Ι

66 2253 260 2336 explicandis
280 2252 437 2318 ‘Graeciae
458 2257 602 2338 Latiique
622 2254 826 2316 monumentis
852 2253 965 2318 afferre
987 2253 1072 2316 utili·
1135 2321 1136 2326 γ

65 2375 185 2449 tatem,
214 2373 248 2428 ct
275 2366 404 2429 clariore
426 2367 571 2430 tenebras
592 2366 839 2430 circumfundere
860 2368 951 2448 luce,
981 2385 1072 2448 quam

65 2479 233 2560 temporis,
252 2495 314 2559 quo
333 2479 572 2563 unumquodque
593 2479 710 2542 editum
729 2479 790 2562 sit,
814 2483 990 2540 accuratam
1009 2479 1084 2555 ha-¹

66 2593 144 2652 bere
164 2589 310 2654 notitiam.
353 2589 445 2669 Quod
467 2591 495 2658 si
515 2591 547 2652 in
566 2591 747 2653 universum
762 2587 868 2673 valet,
889 2605 949 2670 quo
969 2591 1070 2674 magis
1094 2571 1096 2576 ⁸

64 2703 136 2764 hoo
148 2702 265 2764 anxilio
280 2719 416 2764 necesse
439 2711 490 2764 est
509 2701 541 2770 is
559 2699 685 2781 adjutus
705 2701 765 2786 sit,
786 2699 838 2783 qui
861 2717 987 2782 operum
1007 2723 1069 2766 ex-

7 2799 9 2812 ⁴
65 2811 262 2892 plicationem
296 2813 474 2904 aggreditur
500 2832 562 2876 non
593 2815 692 2877 solum
724 2814 1069 2898 praestantissimorum,

64 2923 205 3004 ortisque
231 2923 441 3003 impositorum
470 2924 560 3004 quasi
579 2923 723 3011 fastigio,
759 2926 819 2988 sed
843 2923 954 3005 quibus
976 2925 1069 2988 etiam

65 3052 139 3098 cum
159 3035 327 3117 temporis,
356 3050 417 3115 quo
438 3031 565 3096 oriunda
587 3042 680 3119 sunt,
706 3034 878 3097 conditione
899 3045 962 3099 tam
983 3043 1070 3098 arcta
1189 3111 1197 3126 „

65 3145 267 3210 necessitudo
288 3142 471 3231 intercedit,
499 3153 552 3233 ut,
581 3145 642 3209 nisi
662 3145 745 3209 hanc
765 3143 982 3230 perspexeris,
1014 3154 1069 3210 out

63 3258 194 3341 intelligi
221 3260 312 3340 plaue
340 3265 514 3342 nequeant,
549 3269 603 3324 aut
629 3259 790 3322 multorum
817 3268 902 3338 certe
932 3259 1066 3320 locorum

65 3370 116 3432 vis
130 3378 163 3432 et
177 3377 331 3431 venustas
342 3377 478 3432 mentem
492 3369 592 3452 fugiat
609 3373 663 3433 vel
678 3370 923 3454 sagacissimam.
964 3368 997 3430 N
999 3386 1067 3432 emo
1151 3406 1154 3413 -

64 3499 126 3542 non
146 3479 235 3544 videt
249 3480 404 3563 Aeschyli
423 3499 474 3542 me
491 3480 592 3545 dicere
611 3481 742 3546 fabulae.
783 3482 856 3544 Jam
876 3495 952 3540 vero
958 3523 972 3565 7
1004 3498 1066 3542 ue-

7 3573 9 3578 ’
46 3664 49 3671 Δ
66 3591 132 3656 acio
148 3593 373 3677 quasingulan'
387 3592 528 3656 fortunae
543 3594 711 3676 iniquitate,
727 3589 851 3672 accidit,
873 3599 907 3653 ut
913 3589 1066 3672 Aeschyli

64 3701 149 3764 vitae
176 3714 209 3768 et
232 3705 403 3770 fabularum
430 3705 626 3786 chronologia
644 3713 707 3766 tam
732 3704 880 3784 perplexa
901 3704 962 3789 sit,
991 3711 1065 3764 tau-

65 3822 161 3894 taque
182 3818 410 3880 conturbatione
436 3817 572 3900 laboret,
606 3824 642 3877 ut
661 3815 707 3898 is,
736 3815 788 3897 qui
808 3815 951 3898 singula,
984 3831 1064 3894 quae

66 3932 211 4006 exstant,
246 3938 387 3991 veterano
401 3927 575 3991 testimonia
595 3928 673 3989 inter
694 3945 731 3990 se
753 3927 937 4008 conciliare,
970 3933 1064 4004 atque
