2724 4812
444 509 644 614 ...2474

44 741 293 824 peremturum,
316 743 445 803 mortem
466 737 537 820 ejus
557 759 620 804 non
639 743 712 827 ante
736 736 784 803 ol.
805 736 847 806 78
853 737 894 826 ,1
920 759 1043 827 ponem·

45 845 117 908 dam
134 837 228 935 esse,¹
245 848 430 914 Dodwellus
450 861 537 916 secte
556 853 647 916 uisus
668 860 720 914 est
743 853 937 916 contendere.
970 856 1045 918 Nec

44 958 148 1020 statim
170 969 244 1042 post
264 961 438 1026 Pausaniae
464 963 646 1048 supplicium
668 964 906 1027 Themistoclem
934 968 1043 1047 capitis

43 1070 220 1134 damnatum
240 1091 333 1162 esse,
364 1095 420 1163 ea,
449 1096 528 1158 quae
549 1075 590 1138 de
611 1075 923 1138 Lacedaemoniorum
945 1095 1043 1142 oocu-

41 1184 213 1272 sationibus
234 1193 411 1275 narrantur,
440 1188 533 1250 etde
555 1172 765 1268 Themistocle
791 1188 887 1250 literis
908 1206 946 1253 se
966 1208 1044 1270 pur-

40 1305 152 1382 gauro
174 1297 289 1360 affatim
311 1277 444 1363 uocem
476 1297 596 1378 ouibus
616 1296 790 1384 subjungas,
812 1298 886 1364 uuo
906 1308 1060 1396 tempus„

40 1408 125 1488 quod
145 1409 178 1472 in
199 1411 270 1492 ipsa
287 1410 366 1492 fugo
380 1410 606 1474 Themistocles
626 1411 838 1474 consumserit.
853 1473 856 1488 ,
880 1411 952 1477 dam
966 1432 1044 1476 vero

39 1538 137 1600 quum
166 1521 281 1582 Naxus
306 1521 407 1586 insuda
435 1523 481 1586 01.
502 1521 606 1606 78,3
641 1525 681 1586 ab
708 1521 953 1586 Atheniensibus
983 1524 1064 1586 obs

39 1649 137 1694 sessa
157 1631 263 1718 site),
292 1633 400 1698 Them.
418 1634 523 1718 Argis,
535 1633 700 1718 aufugisse
720 1633 843 1699 videtur
865 1635 912 1698 01.
933 1635 988 1721 78,
1009 1635 1043 1722 2,

32 1787 332 1818 ..ι--ιιι-Ι-,ω-ι.

139 1907 222 1954 catus
248 1902 311 1970 egit
332 1913 398 1952 enm
416 1885 543 1954 ⁴llelotis.
564 1921 599 1942 -ν-
633 1893 680 1954 Ol.
697 1913 787 1972 pm.
807 1907 892 1954 'anno
918 1911 1044 1958 exeunte

143 1985 282 2036 convenia
300 1983 536 2037 Themistoclem.
572 1986 705 2040 Renovat
724 2002 796 2048 curn,
806 2002 875 2056 rege
891 1987 1045 2058 Persarum

142 2067 365 2135 commercium
386 2067 489 2126 literae
506 2069 663 2122 traduntur
679 2059 809 2142 ephoris:
826 2099 859 2112 -
881 2073 965 2123 Paua.
981 2063 1045 2139 ipse

143 2167 173 2202 se
189 2147 289 2220 prodit
306 2151 354 2210 Ol.
370 2160 417 2223 78,
438 2167 461 2205 ι.
495 2153 541 2206 Ita
563 2148 638 2207 isene
661 2153 805 2226 quadrent
828 2154 915 2207 verita
936 2145 1046 2208 Juatini

140 2237 191 2302 (ll,
211 2237 269 2301 ι5)ι
305 2237 420 2306 „Igitur
435 2238 558 2305 Xerxes,
573 2243 667 2316 quum
684 2237 858 2310 proditionis
875 2238 973 2292 dolum
991 2257 1045 2308 pu

137 2320 280 2378 blioatum
297 2321 442 2390 rideret,
453 2339 487 2376 ex
503 2325 619 2394 integro
636 2325 747 2378 bellum
763 2322 908 2389 instituit3
937 2323 1045 2377 Graeci

139 2423 252 2476 quoque
277 2406 379 2458 ducem
404 2409 586 2461 constituunt
607 2408 826 2475 Cimonemff·
794 2403 902 2476 -qui
918 2407 1044 2472 Xerxem

140 2487 274 2542 terrestri
291 2481 443 2561 navalique
459 2481 536 2545 hello
560 2501 731 2562 superatum
749 2487 897 2558 trepidum
913 2490 1045 2558 recipere

140 2569 219 2626 sein
235 2577 355 2644 regnum
374 2576 498 2646 coegit.'’
531 2571 612 2630 Haec
629 2585 726 2630 autem
742 2590 841 2645 pugna
858 2573 1044 2643 adEuryme-

141 2659 259 2714 dentem
281 2668 410 2731 pugnata
433 2668 477 2716 est
500 2660 547 2714 01.
565 2669 611 2731 78,
628 2678 675 2730 5,
686 2659 772 2714 modo
794 2669 893 2714 teneas
917 2660 1043 2715 Xerxem

141 2744 248 2798 obiisse
272 2744 318 2797 01.
342 2753 390 2814 78,
414 2760 444 2812 4,
474 2753 503 2798 et
522 2744 739 2836 Thucydidem
750 2751 886 2797 aocurata
906 2736 1043 2816 progredi

140 2827 189 2878 via
207 2812 422 2920 chronologica.
459 2825 462 2832 ’

79 2950 108 3012 r)
143 2945 313 3002 Artaxerxes
330 2941 408 3013 patri
426 2951 564 3001 suecessit
582 2941 627 3004 01.
635 2957 676 3019 78,
690 2957 716 3016 ι’.
749 2949 795 3001 lia
811 2941 960 3004 Diodorus
978 2942 1043 3012 (11.

142 3032 175 3098 69
181 3035 196 3095 J
218 3039 247 3082 et
269 3029 370 3082 Canon
392 3038 501 3085 astron.
525 3044 569 3102 ap,
597 3034 804 3086 Ptolemaeum.
844 3031 896 3084 Nil
924 3038 969 3092 est
990 3039 1044 3082 eur

140 3117 262 3168 horum
273 3113 479 3168 auctoritatem
506 3113 726 3194 impugnemus(
745 3118 864 3170 Canon
894 3113 985 3182 enim,
1016 3111 1043 3165 si
1074 3105 1079 3118 '

121 3201 206 3289 ¹quia
224 3200 313 3268 alius,
331 3200 525 3282 certissimus
548 3202 696 3256 habendus
720 3208 778 3270 est,
808 3215 862 3254 nee
879 3207 951 3269 quae
969 3195 1042 3249 alias

141 3275 268 3338 Diodoro
284 3267 357 3344 vitio
374 3275 497 3342 uertitur
518 3287 550 3340 in
570 3289 736 3358 temporum
760 3282 975 3356 computatione
991 3285 1042 3332 ne

143 3369 282 3440 gligentle
283 3355 371 3422 lado
374 3369 440 3424 loco
465 3372 618 3424 statuenda
635 3380 687 3425 est.
720 3365 862 3424 Themist.
884 3369 920 3419 ad
943 3373 1042 3435 regem

141 3471 276 3542 pervenit
291 3456 412 3520 vandal·
423 3454 650 3536 βασιλεύοντα.
693 3475 756 3526 lam
773 3473 797 3524 si
813 3476 930 3537 reputes
943 3475 1041 3538 quam·

143 3553 219 3610 din
210 3571 242 3608 ιιι
259 3556 341 3623 Asia,
368 3555 537 3627 priusquam
552 3567 655 3628 *regem
679 3554 862 3618 convenerit,
885 3569 1042 3606 commora-

142 3643 258 3708 tussit,
277 3643 353 3697 Naxi
371 3641 565 3697 obsessionem
581 3642 659 3695 vides
675 3640 823 3712 pertinere
841 3636 876 3688 ad
894 3639 940 3692 01·
953 3645 995 3708 78,
1014 3653 1041 3704 5

143 3728 201 3797 Qui
212 3745 278 3780 vero
291 3723 402 3780 factum
414 3729 461 3793 sit,
479 3736 512 3779 ut
523 3723 663 3797 Ephorus,
681 3717 855 3790 Clitarchus,
873 3721 925 3776 alii
936 3722 1039 3776 Thena

145 3813 180 3870 ad
200 3814 324 3868 Xerxem
350 3814 462 3866 venisse
489 3812 620 3880 tradant,
656 3809 740 3862 docet
762 3797 929 3861 Dodwellns
951 3827 982 3878 p.
972 3811 1040 3875 ..78

146 3875 242 3961 „liaeo
265 3915 337 3972 quae
358 3897 473 3951 videtur
499 3897 642 3966 duntaxat
664 3887 858 3966 repugnantia
884 3889 954 3943 inde
976 3895 1041 3941 orta

146 3989 204 4048 est,
234 3981 308 4054 quod
325 3973 464 4082 Artabani
486 3977 617 4075 septeni
619 3982 731 4058 irienses
754 3977 790 4032 ab
813 3975 880 4030 aliis
909 3982 1038 4028 extremo

817 4083 839 4142 2
