<?xml version="1.0" encoding="UTF-8"?>
<!DOCTYPE html PUBLIC "-//W3C//DTD XHTML 1.0 Transitional//EN"
    "http://www.w3.org/TR/xhtml1/DTD/xhtml1-transitional.dtd">
<html xmlns="http://www.w3.org/1999/xhtml" xml:lang="en" lang="en">
 <head>
  <title>
</title>
<meta http-equiv="Content-Type" content="text/html;charset=utf-8" />
  <meta name='ocr-system' content='tesseract 3.04.00' />
  <meta name='ocr-capabilities' content='ocr_page ocr_carea ocr_par ocr_line ocrx_word'/>
</head>
<body>
  <div class='ocr_page' id='page_1' title='image "./deaeschylisepte00mlgoog_0015.png"; bbox 0 0 2724 4812; ppageno 0'>
   <div class='ocr_carea' id='block_1_1' title="bbox 724 535 922 609">
    <p class='ocr_par' dir='ltr' id='par_1_1' title="bbox 724 535 922 609">
     <span class='ocr_line' id='line_1_1' title="bbox 724 535 922 609; baseline 0.03 -25"><span class='ocrx_word' id='word_1_1' title='bbox 724 535 922 609; x_wconf 81' lang='lat'><strong>...12..</strong></span> 
     </span>
    </p>
   </div>
   <div class='ocr_carea' id='block_1_2' title="bbox 313 727 1329 3724">
    <p class='ocr_par' dir='ltr' id='par_1_2' title="bbox 313 727 1329 3724">
     <span class='ocr_line' id='line_1_2' title="bbox 325 727 1323 819; baseline 0 -19"><span class='ocrx_word' id='word_1_2' title='bbox 325 744 358 800; x_wconf 92' lang='lat' dir='ltr'><strong>et</strong></span> <span class='ocrx_word' id='word_1_3' title='bbox 378 733 566 813; x_wconf 86' lang='lat' dir='ltr'><strong>praeclarum</strong></span> <span class='ocrx_word' id='word_1_4' title='bbox 592 727 833 794; x_wconf 72' lang='lat' dir='ltr'><strong>documentum?-</strong></span> <span class='ocrx_word' id='word_1_5' title='bbox 878 734 974 817; x_wconf 86' lang='lat' dir='ltr'>Apud</span> <span class='ocrx_word' id='word_1_6' title='bbox 998 735 1161 819; x_wconf 76' lang='lat' dir='ltr'><strong>optimates</strong></span> <span class='ocrx_word' id='word_1_7' title='bbox 1190 735 1323 819; x_wconf 89' lang='lat' dir='ltr'><strong>denique</strong></span> 
     </span>
     <span class='ocr_line' id='line_1_3' title="bbox 324 841 1324 936; baseline -0.002 -24"><span class='ocrx_word' id='word_1_8' title='bbox 324 857 511 933; x_wconf 78' lang='lat' dir='ltr'><strong>quantopere</strong></span> <span class='ocrx_word' id='word_1_9' title='bbox 533 851 641 906; x_wconf 89' lang='lat' dir='ltr'><strong>nutare</strong></span> <span class='ocrx_word' id='word_1_10' title='bbox 666 843 804 907; x_wconf 82' lang='lat' dir='ltr'><strong>debuerit</strong></span> <span class='ocrx_word' id='word_1_11' title='bbox 830 841 900 924; x_wconf 89' lang='lat' dir='ltr'><strong>ejus</strong></span> <span class='ocrx_word' id='word_1_12' title='bbox 922 848 1127 936; x_wconf 79' lang='lat' dir='ltr'><strong>existimatio,</strong></span> <span class='ocrx_word' id='word_1_13' title='bbox 1164 847 1231 928; x_wconf 84' lang='lat' dir='ltr'><strong>jam</strong></span> <span class='ocrx_word' id='word_1_14' title='bbox 1249 848 1324 912; x_wconf 92' lang='lat' dir='ltr'><strong>inde</strong></span> 
     </span>
     <span class='ocr_line' id='line_1_4' title="bbox 322 945 1322 1041; baseline -0.004 -16"><span class='ocrx_word' id='word_1_15' title='bbox 322 962 416 1025; x_wconf 84' lang='lat' dir='ltr'><strong>facile</strong></span> <span class='ocrx_word' id='word_1_16' title='bbox 436 967 488 1021; x_wconf 87' lang='lat' dir='ltr'><strong>est</strong></span> <span class='ocrx_word' id='word_1_17' title='bbox 508 945 704 1041; x_wconf 85' lang='lat' dir='ltr'><strong>intelligere,</strong></span> <span class='ocrx_word' id='word_1_18' title='bbox 741 953 822 1038; x_wconf 90' lang='lat' dir='ltr'><strong>quod</strong></span> <span class='ocrx_word' id='word_1_19' title='bbox 842 961 968 1023; x_wconf 84' lang='lat' dir='ltr'><strong>nativae</strong></span> <span class='ocrx_word' id='word_1_20' title='bbox 986 963 1121 1025; x_wconf 89' lang='lat' dir='ltr'><strong>locorum</strong></span> <span class='ocrx_word' id='word_1_21' title='bbox 1140 960 1322 1041; x_wconf 89' lang='lat' dir='ltr'><strong>opportuni-</strong></span> 
     </span>
     <span class='ocr_line' id='line_1_5' title="bbox 323 1067 1321 1156; baseline -0.008 -17"><span class='ocrx_word' id='word_1_22' title='bbox 323 1075 396 1139; x_wconf 90' lang='lat' dir='ltr'><strong>tatis</strong></span> <span class='ocrx_word' id='word_1_23' title='bbox 423 1068 601 1134; x_wconf 81' lang='lat' dir='ltr'><strong>maritimam</strong></span> <span class='ocrx_word' id='word_1_24' title='bbox 636 1085 832 1150; x_wconf 84' lang='lat' dir='ltr'><strong>cognoscens</strong></span> <span class='ocrx_word' id='word_1_25' title='bbox 860 1071 1039 1156; x_wconf 84' lang='lat' dir='ltr'><strong>utilitatem,</strong></span> <span class='ocrx_word' id='word_1_26' title='bbox 1074 1067 1132 1134; x_wconf 81' lang='grc' dir='ltr'><strong>τὸν</strong></span> <span class='ocrx_word' id='word_1_27' title='bbox 1164 1069 1321 1150; x_wconf 79' lang='grc' dir='ltr'><em>Πειραιᾶ,</em></span> 
     </span>
     <span class='ocr_line' id='line_1_6' title="bbox 322 1167 1323 1272; baseline -0.004 -22"><span class='ocrx_word' id='word_1_28' title='bbox 322 1197 357 1250; x_wconf 87' lang='lat' dir='ltr'><strong>nt</strong></span> <span class='ocrx_word' id='word_1_29' title='bbox 384 1179 600 1262; x_wconf 85' lang='lat' dir='ltr'><strong>Aristophanis</strong></span> <span class='ocrx_word' id='word_1_30' title='bbox 629 1180 735 1244; x_wconf 86' lang='lat' dir='ltr'><strong>verbis</strong></span> <span class='ocrx_word' id='word_1_31' title='bbox 762 1199 828 1243; x_wconf 88' lang='lat' dir='ltr'><strong>renr</strong></span> <span class='ocrx_word' id='word_1_32' title='bbox 856 1167 997 1272; x_wconf 79' lang='lat' dir='ltr'><strong>eloquar,</strong></span> <span class='ocrx_word' id='word_1_33' title='bbox 1032 1187 1075 1267; x_wconf 81' lang='grc' dir='ltr'><strong>τῇ</strong></span> <span class='ocrx_word' id='word_1_34' title='bbox 1106 1185 1201 1248; x_wconf 77' lang='grc' dir='ltr'><em>πόλει</em></span> <span class='ocrx_word' id='word_1_35' title='bbox 1223 1173 1323 1262; x_wconf 65' lang='grc' dir='ltr'><strong>προςὲ</strong></span> 
     </span>
     <span class='ocr_line' id='line_1_7' title="bbox 323 1289 1325 1381; baseline -0.003 -23"><span class='ocrx_word' id='word_1_36' title='bbox 323 1297 455 1376; x_wconf 62' lang='lat' dir='ltr'><strong>spata.</strong></span> <span class='ocrx_word' id='word_1_37' title='bbox 498 1291 554 1356; x_wconf 87' lang='lat' dir='ltr'><strong>Sic</strong></span> <span class='ocrx_word' id='word_1_38' title='bbox 581 1289 649 1354; x_wconf 87' lang='lat' dir='ltr'><strong>fieri</strong></span> <span class='ocrx_word' id='word_1_39' title='bbox 675 1309 736 1352; x_wconf 91' lang='lat' dir='ltr'><strong>non</strong></span> <span class='ocrx_word' id='word_1_40' title='bbox 762 1293 881 1380; x_wconf 88' lang='lat' dir='ltr'><strong>potuit,</strong></span> <span class='ocrx_word' id='word_1_41' title='bbox 908 1298 981 1378; x_wconf 90' lang='lat' dir='ltr'><strong>quin</strong></span> <span class='ocrx_word' id='word_1_42' title='bbox 1000 1299 1144 1381; x_wconf 89' lang='lat' dir='ltr'><strong>optimum</strong></span> <span class='ocrx_word' id='word_1_43' title='bbox 1164 1294 1325 1360; x_wconf 87' lang='lat' dir='ltr'><strong>videretur</strong></span> 
     </span>
     <span class='ocr_line' id='line_1_8' title="bbox 323 1404 1323 1485; baseline -0.006 -13"><span class='ocrx_word' id='word_1_44' title='bbox 323 1407 457 1473; x_wconf 86' lang='lat' dir='ltr'><strong>civitatis</strong></span> <span class='ocrx_word' id='word_1_45' title='bbox 478 1411 593 1470; x_wconf 86' lang='lat' dir='ltr'><strong>statum</strong></span> <span class='ocrx_word' id='word_1_46' title='bbox 616 1404 722 1485; x_wconf 87' lang='lat' dir='ltr'><strong>pravis</strong></span> <span class='ocrx_word' id='word_1_47' title='bbox 742 1405 858 1469; x_wconf 87' lang='lat' dir='ltr'><strong>artibus</strong></span> <span class='ocrx_word' id='word_1_48' title='bbox 880 1415 913 1469; x_wconf 89' lang='lat' dir='ltr'><strong>et</strong></span> <span class='ocrx_word' id='word_1_49' title='bbox 942 1411 1113 1473; x_wconf 88' lang='lat' dir='ltr'><strong>temeritate</strong></span> <span class='ocrx_word' id='word_1_50' title='bbox 1134 1426 1191 1472; x_wconf 83' lang='lat' dir='ltr'><strong>sua</strong></span> <span class='ocrx_word' id='word_1_51' title='bbox 1213 1407 1323 1470; x_wconf 85' lang='lat' dir='ltr'><strong>lundi-</strong></span> 
     </span>
     <span class='ocr_line' id='line_1_9' title="bbox 321 1516 1324 1604; baseline -0.007 -18"><span class='ocrx_word' id='word_1_52' title='bbox 321 1532 372 1586; x_wconf 89' lang='lat' dir='ltr'><strong>tus</strong></span> <span class='ocrx_word' id='word_1_53' title='bbox 394 1528 556 1604; x_wconf 89' lang='lat' dir='ltr'><strong>evertere,</strong></span> <span class='ocrx_word' id='word_1_54' title='bbox 591 1535 773 1600; x_wconf 89' lang='lat' dir='ltr'><strong>omnemque</strong></span> <span class='ocrx_word' id='word_1_55' title='bbox 799 1516 973 1598; x_wconf 86' lang='lat' dir='ltr'><strong>depravare</strong></span> <span class='ocrx_word' id='word_1_56' title='bbox 995 1521 1041 1583; x_wconf 88' lang='lat' dir='ltr'><strong>rei</strong></span> <span class='ocrx_word' id='word_1_57' title='bbox 1060 1520 1199 1601; x_wconf 91' lang='lat' dir='ltr'><strong>publicae</strong></span> <span class='ocrx_word' id='word_1_58' title='bbox 1222 1517 1324 1580; x_wconf 89' lang='lat' dir='ltr'><strong>disci-</strong></span> 
     </span>
     <span class='ocr_line' id='line_1_10' title="bbox 320 1629 1326 1716; baseline -0.005 -21"><span class='ocrx_word' id='word_1_59' title='bbox 320 1636 450 1716; x_wconf 89' lang='lat' dir='ltr'><strong>plinam,</strong></span> <span class='ocrx_word' id='word_1_60' title='bbox 471 1631 515 1693; x_wconf 93' lang='lat' dir='ltr'><strong>ita</strong></span> <span class='ocrx_word' id='word_1_61' title='bbox 535 1636 570 1690; x_wconf 91' lang='lat' dir='ltr'><strong>ut</strong></span> <span class='ocrx_word' id='word_1_62' title='bbox 592 1629 623 1690; x_wconf 90' lang='lat' dir='ltr'><strong>in</strong></span> <span class='ocrx_word' id='word_1_63' title='bbox 645 1630 919 1711; x_wconf 86' lang='lat' dir='ltr'><strong>petriisinstitutis</strong></span> <span class='ocrx_word' id='word_1_64' title='bbox 939 1631 980 1690; x_wconf 92' lang='lat' dir='ltr'><strong>nil</strong></span> <span class='ocrx_word' id='word_1_65' title='bbox 999 1639 1138 1693; x_wconf 89' lang='lat' dir='ltr'><strong>maneret</strong></span> <span class='ocrx_word' id='word_1_66' title='bbox 1158 1631 1326 1712; x_wconf 86' lang='lat' dir='ltr'><strong>integrum,</strong></span> 
     </span>
     <span class='ocr_line' id='line_1_11' title="bbox 320 1739 1327 1828; baseline -0.008 -20"><span class='ocrx_word' id='word_1_67' title='bbox 320 1761 523 1828; x_wconf 84' lang='lat' dir='ltr'><strong>agrorumque</strong></span> <span class='ocrx_word' id='word_1_68' title='bbox 552 1742 653 1804; x_wconf 87' lang='lat' dir='ltr'><strong>cultus</strong></span> <span class='ocrx_word' id='word_1_69' title='bbox 680 1750 712 1802; x_wconf 91' lang='lat' dir='ltr'><strong>et</strong></span> <span class='ocrx_word' id='word_1_70' title='bbox 733 1760 883 1803; x_wconf 89' lang='lat' dir='ltr'><strong>armorum</strong></span> <span class='ocrx_word' id='word_1_71' title='bbox 903 1741 994 1821; x_wconf 87' lang='lat' dir='ltr'><strong>plane</strong></span> <span class='ocrx_word' id='word_1_72' title='bbox 1015 1739 1253 1820; x_wconf 80' lang='lat' dir='ltr'><strong>relinqueretur5</strong></span> <span class='ocrx_word' id='word_1_73' title='bbox 1289 1749 1327 1800; x_wconf 89' lang='lat' dir='ltr'><strong>ut</strong></span> 
     </span>
     <span class='ocr_line' id='line_1_12' title="bbox 319 1848 1328 1936; baseline -0.01 -16"><span class='ocrx_word' id='word_1_74' title='bbox 319 1858 432 1922; x_wconf 87' lang='lat' dir='ltr'><strong>civitas</strong></span> <span class='ocrx_word' id='word_1_75' title='bbox 453 1874 515 1917; x_wconf 90' lang='lat' dir='ltr'><strong>non</strong></span> <span class='ocrx_word' id='word_1_76' title='bbox 535 1855 664 1936; x_wconf 87' lang='lat' dir='ltr'><strong>amplius</strong></span> <span class='ocrx_word' id='word_1_77' title='bbox 687 1852 875 1935; x_wconf 87' lang='lat' dir='ltr'><strong>optimatium</strong></span> <span class='ocrx_word' id='word_1_78' title='bbox 894 1851 1031 1916; x_wconf 86' lang='lat' dir='ltr'><strong>consiliis</strong></span> <span class='ocrx_word' id='word_1_79' title='bbox 1053 1857 1233 1933; x_wconf 80' lang='lat' dir='ltr'><strong>regeretur,</strong></span> <span class='ocrx_word' id='word_1_80' title='bbox 1263 1848 1328 1911; x_wconf 90' lang='lat' dir='ltr'><strong>sed</strong></span> 
     </span>
     <span class='ocr_line' id='line_1_13' title="bbox 313 1964 1326 2050; baseline -0.007 -21"><span class='ocrx_word' id='word_1_81' title='bbox 313 1971 350 2033; x_wconf 48' lang='lat' dir='ltr'><strong>¹in</strong></span> <span class='ocrx_word' id='word_1_82' title='bbox 370 1969 482 2050; x_wconf 88' lang='lat' dir='ltr'><strong>populo</strong></span> <span class='ocrx_word' id='word_1_83' title='bbox 503 1975 613 2028; x_wconf 85' lang='lat' dir='ltr'><strong>essent</strong></span> <span class='ocrx_word' id='word_1_84' title='bbox 635 1967 748 2047; x_wconf 81' lang='lat' dir='ltr'><strong>omnia3</strong></span> <span class='ocrx_word' id='word_1_85' title='bbox 770 1975 805 2030; x_wconf 93' lang='lat' dir='ltr'><strong>nt</strong></span> <span class='ocrx_word' id='word_1_86' title='bbox 824 1964 1223 2046; x_wconf 80' lang='lat' dir='ltr'><strong>omnes-exstinguerentur</strong></span> <span class='ocrx_word' id='word_1_87' title='bbox 1244 1977 1326 2043; x_wconf 82' lang='lat' dir='ltr'><strong>gre-</strong></span> 
     </span>
     <span class='ocr_line' id='line_1_14' title="bbox 318 2065 1328 2159; baseline -0.01 -15"><span class='ocrx_word' id='word_1_88' title='bbox 318 2081 378 2144; x_wconf 90' lang='lat' dir='ltr'><strong>dus</strong></span> <span class='ocrx_word' id='word_1_89' title='bbox 413 2076 592 2159; x_wconf 84' lang='lat' dir='ltr'><strong>dignitatis,</strong></span> <span class='ocrx_word' id='word_1_90' title='bbox 638 2073 819 2138; x_wconf 78' lang='lat' dir='ltr'><strong>familiarum</strong></span> <span class='ocrx_word' id='word_1_91' title='bbox 855 2076 1064 2136; x_wconf 77' lang='lat' dir='ltr'><strong>vetustatibus</strong></span> <span class='ocrx_word' id='word_1_92' title='bbox 1102 2065 1328 2153; x_wconf 86' lang='lat' dir='ltr'><strong>pon&#39;deraretur</strong></span> 
     </span>
     <span class='ocr_line' id='line_1_15' title="bbox 317 2181 1329 2267; baseline -0.006 -15"><span class='ocrx_word' id='word_1_93' title='bbox 317 2189 399 2252; x_wconf 89' lang='lat' dir='ltr'><strong>nihil.</strong></span> <span class='ocrx_word' id='word_1_94' title='bbox 420 2221 464 2232; x_wconf 90' lang='lat'>-</span> <span class='ocrx_word' id='word_1_95' title='bbox 504 2182 661 2248; x_wconf 88' lang='lat' dir='ltr'><strong>Aristides</strong></span> <span class='ocrx_word' id='word_1_96' title='bbox 682 2187 793 2267; x_wconf 83' lang='lat' dir='ltr'><strong>igitur,</strong></span> <span class='ocrx_word' id='word_1_97' title='bbox 818 2199 911 2262; x_wconf 88' lang='lat' dir='ltr'><strong>quum</strong></span> <span class='ocrx_word' id='word_1_98' title='bbox 932 2181 1150 2266; x_wconf 68' lang='lat' dir='ltr'><strong>Themistocli,</strong></span> <span class='ocrx_word' id='word_1_99' title='bbox 1171 2192 1329 2262; x_wconf 89' lang='lat' dir='ltr'><strong>perpetua</strong></span> 
     </span>
     <span class='ocr_line' id='line_1_16' title="bbox 316 2291 1328 2381; baseline -0.009 -16"><span class='ocrx_word' id='word_1_100' title='bbox 316 2302 383 2365; x_wconf 88' lang='lat' dir='ltr'><strong>vita</strong></span> <span class='ocrx_word' id='word_1_101' title='bbox 411 2301 450 2362; x_wconf 89' lang='lat' dir='ltr'><strong>ab</strong></span> <span class='ocrx_word' id='word_1_102' title='bbox 477 2297 528 2376; x_wconf 83' lang='lat' dir='ltr'><strong>illp</strong></span> <span class='ocrx_word' id='word_1_103' title='bbox 567 2293 782 2380; x_wconf 86' lang='lat' dir='ltr'><strong>dissentienti,</strong></span> <span class='ocrx_word' id='word_1_104' title='bbox 817 2291 1033 2372; x_wconf 89' lang='lat' dir='ltr'><strong>opponendum</strong></span> <span class='ocrx_word' id='word_1_105' title='bbox 1060 2311 1136 2356; x_wconf 80' lang='lat' dir='ltr'><strong>esse</strong></span> <span class='ocrx_word' id='word_1_106' title='bbox 1163 2305 1328 2381; x_wconf 80' lang='lat' dir='ltr'><strong>censeret,</strong></span> 
     </span>
     <span class='ocr_line' id='line_1_17' title="bbox 317 2396 1327 2496; baseline -0.008 -18"><span class='ocrx_word' id='word_1_107' title='bbox 317 2413 495 2496; x_wconf 78' lang='lat' dir='ltr'><strong>Cimonem,</strong></span> <span class='ocrx_word' id='word_1_108' title='bbox 516 2408 714 2488; x_wconf 76' lang='lat' dir='ltr'><strong>euisemper</strong></span> <span class='ocrx_word' id='word_1_109' title='bbox 735 2404 884 2489; x_wconf 82' lang='lat' dir='ltr'><strong>favebat,</strong></span> <span class='ocrx_word' id='word_1_110' title='bbox 906 2403 1023 2488; x_wconf 84' lang='lat' dir='ltr'><strong>delegit</strong></span> <span class='ocrx_word' id='word_1_111' title='bbox 1044 2396 1114 2467; x_wconf 85' lang='grc' dir='ltr'><em>οἷον</em></span> <span class='ocrx_word' id='word_1_112' title='bbox 1134 2401 1327 2470; x_wconf 75' lang='grc' dir='ltr'><em>ἀντίπαλον</em></span> 
     </span>
     <span class='ocr_line' id='line_1_18' title="bbox 315 2513 1326 2602; baseline -0.003 -15"><span class='ocrx_word' id='word_1_113' title='bbox 315 2527 400 2602; x_wconf 77' lang='grc' dir='ltr'><em>πρὸς</em></span> <span class='ocrx_word' id='word_1_114' title='bbox 435 2519 496 2600; x_wconf 72' lang='grc' dir='ltr'><strong>τὴν</strong></span> <span class='ocrx_word' id='word_1_115' title='bbox 530 2513 785 2596; x_wconf 79' lang='grc' dir='ltr'>Θεμιστοκλέους</span> <span class='ocrx_word' id='word_1_116' title='bbox 824 2513 996 2597; x_wconf 78' lang='grc' dir='ltr'><em>δεινότητα</em></span> <span class='ocrx_word' id='word_1_117' title='bbox 1026 2514 1086 2580; x_wconf 75' lang='grc' dir='ltr'><strong>καὶ</strong></span> <span class='ocrx_word' id='word_1_118' title='bbox 1117 2515 1248 2600; x_wconf 81' lang='grc' dir='ltr'><em>τόλμαν</em></span> <span class='ocrx_word' id='word_1_119' title='bbox 1276 2522 1326 2602; x_wconf 84' lang='lat'><strong>1).</strong></span> 
     </span>
     <span class='ocr_line' id='line_1_19' title="bbox 316 2609 1325 2719; baseline -0.004 -20"><span class='ocrx_word' id='word_1_120' title='bbox 316 2637 379 2699; x_wconf 86' lang='lat' dir='ltr'><strong>Hic</strong></span> <span class='ocrx_word' id='word_1_121' title='bbox 406 2642 438 2696; x_wconf 90' lang='lat' dir='ltr'><strong>et</strong></span> <span class='ocrx_word' id='word_1_122' title='bbox 461 2640 585 2714; x_wconf 86' lang='lat' dir='ltr'><strong>propter</strong></span> <span class='ocrx_word' id='word_1_123' title='bbox 609 2609 770 2714; x_wconf 81' lang='lat' dir='ltr'><strong>ingenium</strong></span> <span class='ocrx_word' id='word_1_124' title='bbox 796 2639 830 2694; x_wconf 92' lang='lat' dir='ltr'><strong>et</strong></span> <span class='ocrx_word' id='word_1_125' title='bbox 855 2638 980 2712; x_wconf 85' lang='lat' dir='ltr'><strong>propter</strong></span> <span class='ocrx_word' id='word_1_126' title='bbox 1007 2631 1140 2694; x_wconf 83' lang='lat' dir='ltr'><strong>anhnurn</strong></span> <span class='ocrx_word' id='word_1_127' title='bbox 1169 2633 1325 2719; x_wconf 90' lang='lat' dir='ltr'><strong>utrisque,</strong></span> 
     </span>
     <span class='ocr_line' id='line_1_20' title="bbox 315 2742 1325 2830; baseline -0.004 -20"><span class='ocrx_word' id='word_1_128' title='bbox 315 2756 348 2810; x_wconf 87' lang='lat' dir='ltr'><strong>et</strong></span> <span class='ocrx_word' id='word_1_129' title='bbox 369 2744 563 2827; x_wconf 87' lang='lat' dir='ltr'><strong>optimatibus</strong></span> <span class='ocrx_word' id='word_1_130' title='bbox 578 2751 613 2805; x_wconf 89' lang='lat' dir='ltr'><strong>et</strong></span> <span class='ocrx_word' id='word_1_131' title='bbox 627 2742 903 2829; x_wconf 84' lang='lat' dir='ltr'><strong>Lacedaemoniis,</strong></span> <span class='ocrx_word' id='word_1_132' title='bbox 924 2743 1124 2825; x_wconf 81' lang='lat' dir='ltr'><strong>gratissimus</strong></span> <span class='ocrx_word' id='word_1_133' title='bbox 1141 2745 1246 2830; x_wconf 87' lang='lat' dir='ltr'><strong>venit,</strong></span> <span class='ocrx_word' id='word_1_134' title='bbox 1268 2753 1325 2808; x_wconf 89' lang='lat' dir='ltr'><strong>at-</strong></span> 
     </span>
     <span class='ocr_line' id='line_1_21' title="bbox 316 2854 1325 2942; baseline -0.001 -22"><span class='ocrx_word' id='word_1_135' title='bbox 316 2877 379 2942; x_wconf 90' lang='lat' dir='ltr'><strong>qne</strong></span> <span class='ocrx_word' id='word_1_136' title='bbox 399 2857 548 2940; x_wconf 90' lang='lat' dir='ltr'><strong>populus,</strong></span> <span class='ocrx_word' id='word_1_137' title='bbox 578 2873 671 2937; x_wconf 87' lang='lat' dir='ltr'><strong>quern</strong></span> <span class='ocrx_word' id='word_1_138' title='bbox 691 2855 870 2918; x_wconf 87' lang='lat' dir='ltr'><strong>liberalitate</strong></span> <span class='ocrx_word' id='word_1_139' title='bbox 891 2862 924 2917; x_wconf 89' lang='lat' dir='ltr'><strong>et</strong></span> <span class='ocrx_word' id='word_1_140' title='bbox 945 2854 1105 2918; x_wconf 85' lang='lat' dir='ltr'><strong>beneficiis</strong></span> <span class='ocrx_word' id='word_1_141' title='bbox 1126 2857 1185 2919; x_wconf 90' lang='lat' dir='ltr'><strong>sibi</strong></span> <span class='ocrx_word' id='word_1_142' title='bbox 1205 2857 1325 2919; x_wconf 87' lang='lat' dir='ltr'><strong>devin-</strong></span> 
     </span>
     <span class='ocr_line' id='line_1_22' title="bbox 315 2963 1325 3052; baseline -0.007 -20"><span class='ocrx_word' id='word_1_143' title='bbox 315 2977 424 3052; x_wconf 81' lang='lat' dir='ltr'><strong>xerat,</strong></span> <span class='ocrx_word' id='word_1_144' title='bbox 453 2985 525 3031; x_wconf 86' lang='lat' dir='ltr'><strong>eum</strong></span> <span class='ocrx_word' id='word_1_145' title='bbox 545 2967 722 3030; x_wconf 77' lang='lat' dir='ltr'><strong>cohortatus</strong></span> <span class='ocrx_word' id='word_1_146' title='bbox 744 2975 795 3030; x_wconf 92' lang='lat' dir='ltr'><strong>est</strong></span> <span class='ocrx_word' id='word_1_147' title='bbox 815 2963 899 3034; x_wconf 71' lang='grc' dir='ltr'><em>ἄξιοι</em></span> <span class='ocrx_word' id='word_1_148' title='bbox 918 2965 980 3028; x_wconf 83' lang='grc' dir='ltr'><strong>τοῦ</strong></span> <span class='ocrx_word' id='word_1_149' title='bbox 1002 2963 1226 3043; x_wconf 57' lang='grc' dir='ltr'><em>Μαραθῶνος</em></span> <span class='ocrx_word' id='word_1_150' title='bbox 1247 2963 1325 3026; x_wconf 81' lang='grc' dir='ltr'><em>δια-</em></span> 
     </span>
     <span class='ocr_line' id='line_1_23' title="bbox 315 3069 1325 3157; baseline -0.006 -13"><span class='ocrx_word' id='word_1_151' title='bbox 315 3079 464 3145; x_wconf 59' lang='grc' dir='ltr'><em>νοεῖσθαι</em></span> <span class='ocrx_word' id='word_1_152' title='bbox 498 3074 752 3157; x_wconf 57' lang='lat' dir='ltr'><strong>anteponor.</strong></span> <span class='ocrx_word' id='word_1_153' title='bbox 811 3076 1034 3157; x_wconf 82' lang='grc' dir='ltr'><em>Ὃρμήσαντα</em></span> <span class='ocrx_word' id='word_1_154' title='bbox 1069 3075 1100 3136; x_wconf 83' lang='grc' dir='ltr'><strong>δ’</strong></span> <span class='ocrx_word' id='word_1_155' title='bbox 1127 3069 1235 3138; x_wconf 79' lang='grc' dir='ltr'><em>αὐτόν</em></span> <span class='ocrx_word' id='word_1_156' title='bbox 1265 3073 1325 3138; x_wconf 71' lang='grc' dir='ltr'><strong>ἐπὶ</strong></span> 
     </span>
     <span class='ocr_line' id='line_1_24' title="bbox 316 3185 1325 3271; baseline -0.004 -17"><span class='ocrx_word' id='word_1_157' title='bbox 316 3191 377 3271; x_wconf 77' lang='grc' dir='ltr'><strong>τὴν</strong></span> <span class='ocrx_word' id='word_1_158' title='bbox 398 3188 567 3254; x_wconf 75' lang='grc' dir='ltr'><strong>πολιτείαν</strong></span> <span class='ocrx_word' id='word_1_159' title='bbox 586 3187 726 3266; x_wconf 72' lang='grc' dir='ltr'><em>ἄσμενος</em></span> <span class='ocrx_word' id='word_1_160' title='bbox 740 3185 760 3250; x_wconf 82' lang='grc' dir='ltr'>ὁ</span> <span class='ocrx_word' id='word_1_161' title='bbox 775 3189 878 3269; x_wconf 76' lang='grc' dir='ltr'><em>δῆμος</em></span> <span class='ocrx_word' id='word_1_162' title='bbox 898 3185 1055 3264; x_wconf 74' lang='grc' dir='ltr'><em>ἐδέξατο,</em></span> <span class='ocrx_word' id='word_1_163' title='bbox 1077 3185 1150 3252; x_wconf 74' lang='grc' dir='ltr'><strong>καὶ</strong></span> <span class='ocrx_word' id='word_1_164' title='bbox 1168 3188 1325 3265; x_wconf 75' lang='grc' dir='ltr'><strong><em>μεστὸς</em></strong></span> 
     </span>
     <span class='ocr_line' id='line_1_25' title="bbox 318 3297 1320 3381; baseline 0 -15"><span class='ocrx_word' id='word_1_165' title='bbox 318 3300 373 3368; x_wconf 81' lang='grc' dir='ltr'><strong>ὢν</strong></span> <span class='ocrx_word' id='word_1_166' title='bbox 400 3304 477 3368; x_wconf 82' lang='grc' dir='ltr'><strong>τοῦ</strong></span> <span class='ocrx_word' id='word_1_167' title='bbox 504 3299 839 3381; x_wconf 79' lang='grc' dir='ltr'><em>Θεμιστοκλέους</em></span> <span class='ocrx_word' id='word_1_168' title='bbox 866 3297 1001 3380; x_wconf 75' lang='grc' dir='ltr'><em>ἀνῆγε</em></span> <span class='ocrx_word' id='word_1_169' title='bbox 1029 3300 1135 3381; x_wconf 72' lang='grc' dir='ltr'><em>πρὸς</em></span> <span class='ocrx_word' id='word_1_170' title='bbox 1162 3299 1236 3366; x_wconf 80' lang='grc' dir='ltr'><strong>τὰς</strong></span> <span class='ocrx_word' id='word_1_171' title='bbox 1255 3321 1320 3380; x_wconf 74' lang='grc' dir='ltr'><strong>με.</strong></span> 
     </span>
     <span class='ocr_line' id='line_1_26' title="bbox 316 3411 1211 3498; baseline 0.001 -21"><span class='ocrx_word' id='word_1_172' title='bbox 316 3414 470 3496; x_wconf 33' lang='grc' dir='ltr'><em>γιίστασ</em></span> <span class='ocrx_word' id='word_1_173' title='bbox 491 3414 603 3498; x_wconf 66' lang='lat' dir='ltr'><strong>amq</strong></span> <span class='ocrx_word' id='word_1_174' title='bbox 624 3414 746 3480; x_wconf 77' lang='grc' dir='ltr'><em>πόλει</em></span> <span class='ocrx_word' id='word_1_175' title='bbox 765 3411 890 3494; x_wconf 74' lang='grc' dir='ltr'><em>τιμὰς</em></span> <span class='ocrx_word' id='word_1_176' title='bbox 910 3414 983 3478; x_wconf 76' lang='grc' dir='ltr'><strong>καὶ</strong></span> <span class='ocrx_word' id='word_1_177' title='bbox 1005 3413 1143 3495; x_wconf 73' lang='grc' dir='ltr'><strong><em>ἀρχάς</em></strong></span> <span class='ocrx_word' id='word_1_178' title='bbox 1166 3416 1211 3496; x_wconf 75' lang='lat'><strong>⁹).</strong></span> 
     </span>
     <span class='ocr_line' id='line_1_27' title="bbox 401 3525 1321 3609; baseline 0.004 -20"><span class='ocrx_word' id='word_1_179' title='bbox 401 3525 504 3605; x_wconf 81' lang='lat' dir='ltr'><strong>Quum</strong></span> <span class='ocrx_word' id='word_1_180' title='bbox 523 3539 571 3594; x_wconf 87' lang='lat' dir='ltr'><strong>tot</strong></span> <span class='ocrx_word' id='word_1_181' title='bbox 591 3537 757 3609; x_wconf 85' lang='lat' dir='ltr'><strong>tantaeque</strong></span> <span class='ocrx_word' id='word_1_182' title='bbox 772 3529 1012 3593; x_wconf 79' lang='lat' dir='ltr'><strong>Themistoclem</strong></span> <span class='ocrx_word' id='word_1_183' title='bbox 1034 3531 1205 3594; x_wconf 85' lang='lat' dir='ltr'><strong>simultates</strong></span> <span class='ocrx_word' id='word_1_184' title='bbox 1221 3548 1321 3593; x_wconf 86' lang='lat' dir='ltr'><strong>exer-</strong></span> 
     </span>
     <span class='ocr_line' id='line_1_28' title="bbox 319 3639 1321 3724; baseline 0.005 -22"><span class='ocrx_word' id='word_1_185' title='bbox 319 3645 445 3722; x_wconf 80' lang='lat' dir='ltr'><strong>cerent,</strong></span> <span class='ocrx_word' id='word_1_186' title='bbox 466 3640 640 3704; x_wconf 82' lang='lat' dir='ltr'><strong>ostraoismi</strong></span> <span class='ocrx_word' id='word_1_187' title='bbox 661 3648 784 3720; x_wconf 89' lang='lat' dir='ltr'><strong>tempus</strong></span> <span class='ocrx_word' id='word_1_188' title='bbox 806 3641 898 3706; x_wconf 87' lang='lat' dir='ltr'><strong>vides</strong></span> <span class='ocrx_word' id='word_1_189' title='bbox 915 3639 1043 3723; x_wconf 86' lang='lat' dir='ltr'><strong>jamjam</strong></span> <span class='ocrx_word' id='word_1_190' title='bbox 1062 3641 1321 3724; x_wconf 88' lang='lat' dir='ltr'><strong>appropinquans.</strong></span> 
     </span>
    </p>
   </div>
   <div class='ocr_carea' id='block_1_3' title="bbox 358 3872 783 4050">
    <p class='ocr_par' dir='ltr' id='par_1_3' title="bbox 358 3872 783 4050">
     <span class='ocr_line' id='line_1_29' title="bbox 358 3872 783 3943; baseline 0.014 -19"><span class='ocrx_word' id='word_1_191' title='bbox 358 3875 385 3938; x_wconf 81' lang='grc' dir='ltr'><strong>ι)</strong></span> <span class='ocrx_word' id='word_1_192' title='bbox 419 3872 566 3929; x_wconf 82' lang='lat' dir='ltr'><strong>Plutarch.</strong></span> <span class='ocrx_word' id='word_1_193' title='bbox 584 3874 696 3930; x_wconf 84' lang='lat' dir='ltr'><strong>Cimon.</strong></span> <span class='ocrx_word' id='word_1_194' title='bbox 714 3893 741 3935; x_wconf 83' lang='grc' dir='ltr'><strong>ο.</strong></span> <span class='ocrx_word' id='word_1_195' title='bbox 758 3890 783 3943; x_wconf 80' lang='lat'><strong>5.</strong></span> 
     </span>
     <span class='ocr_line' id='line_1_30' title="bbox 358 3983 494 4050; baseline 0.022 -13"><span class='ocrx_word' id='word_1_196' title='bbox 358 3985 385 4050; x_wconf 86' lang='lat' dir='ltr'><strong>a)</strong></span> <span class='ocrx_word' id='word_1_197' title='bbox 416 3983 494 4040; x_wconf 85' lang='lat' dir='ltr'><strong>lhld.</strong></span> 
     </span>
    </p>
   </div>
   <div class='ocr_carea' id='block_1_4' title="bbox 0 0 1366 4812">
    <p class='ocr_par' dir='ltr' id='par_1_4' title="bbox 0 0 1366 4812">
     <span class='ocr_line' id='line_1_31' title="bbox 0 0 1366 4812; baseline 0 2"><span class='ocrx_word' id='word_1_198' title='bbox 0 0 1366 4812; x_wconf 95' lang='lat' dir='ltr'><strong> </strong></span> 
     </span>
    </p>
   </div>
  </div>
 </body>
</html>
