2728 4810
695 524 896 598 ...40-

297 725 379 790 ferre
396 723 516 809 vliceat,
546 738 627 806 quae
651 721 730 786 ultro
760 739 837 786 sese
863 722 979 787 obtulit.
1029 719 1206 786 Verisimile
1227 715 1303 780 mihi

296 835 419 906 videtur
445 835 641 921 Aeschylum
671 831 734 915 jam
760 835 793 897 in
825 835 932 900 Sicilia
961 834 1128 896 Thebanae
1159 831 1305 913 trilogiae

297 947 530 1030 componendae
557 948 684 1031 cepisse
712 946 879 1012 consilinm.
935 947 1042 1008 'lheru
1069 946 1167 1030 enim,-
1199 943 1252 1024 qui
1286 959 1307 1003 a

298 1059 440 1149 Cadmo,
478 1060 657 1147 Oedipode,
700 1059 850 1143 Polynice
882 1065 942 1122 etc.
973 1057 1122 1138 originem
1154 1055 1307 1138 ducebat,
1341 1087 1344 1170 p

298 1190 392 1256 quum
413 1172 646 1238 necessitudine
670 1190 742 1238 cum
760 1173 985 1257 Syracusarum
1004 1167 1192 1250 principibus
1214 1175 1310 1230 esset
1344 1195 1345 1290 p

299 1281 504 1370 conjunctus,
538 1286 640 1366 poetis
645 1327 659 1370 ‚
700 1283 752 1365 qui
784 1283 928 1350 Hieroms
963 1281 1151 1362 aliorumque
1177 1279 1311 1342 Siciliae
1338 1307 1341 1318 ·

298 1402 499 1479 tyrannorum
532 1395 644 1462 favore
672 1393 873 1485 fruebantur,
908 1395 1073 1460 Thebanus
1103 1399 1138 1454 et
1163 1390 1312 1474 Argivas

298 1506 421 1568 fabulas
441 1505 625 1572 carminibus
647 1506 714 1569 suis
733 1509 909 1573 celebrandi
929 1517 1003 1591 apta
1024 1505 1153 1570 dabatur
1168 1489 1323 1588 occasi07'

300 1626 334 1678 et
361 1618 451 1698 quasi
478 1617 623 1679 officium.
679 1620 728 1678 Ita
757 1619 912 1680 Pindarus
940 1637 1003 1678 non
1028 1617 1182 1680 affinitate
1208 1616 1313 1678 solum
1347 1627 1349 1728 1

300 1725 359 1787 sed
389 1727 481 1788 etiam
511 1727 635 1791 fortuna
658 1745 808 1792 summam
834 1725 918 1789 canit
941 1724 1066 1788 sienim
1086 1729 1215 1808 regibus
1236 1747 1315 1791 cum
1348 1733 1350 1830 1

300 1834 519 1902 Cadmidarum
548 1847 644 1924 gente
671 1839 865 1904 intercedere
896 1834 1129 1910 similitudinem.
1172 1837 1317 1901 Carmen
1350 1841 1351 1918 1

165 1961 183 1978 “·
301 1947 425 2033 Olymp.
454 1953 485 2013 ll
518 1959 618 2015 totum
653 1951 721 2014 fere
755 1951 787 2014 in
822 1948 1034 2014 descrihendis
1062 1948 1319 2014 Ilmmcnidartun
1351 1949 1352 2034 1

301 2060 375 2122 fatis
398 2062 441 2121 ita
461 2069 624 2148 versatur,
646 2071 681 2126 ut
702 2063 860 2144 pristinam
880 2058 1126 2123 Labdacidarum
1147 2062 1317 2125 cahmita-
1352 2057 1353 2146 1

301 2179 366 2232 tem
395 2169 427 2231 in
455 2169 515 2234 hac
543 2173 659 2236 familia
678 2161 834 2236 renimsse
855 2170 947 2234 dicat
988 2170 1096 2250 Atque
1115 2173 1147 2232 in
1166 2173 1318 2236 Nemaea
1352 2165 1354 2248 1

303 2281 437 2348 eumne
457 2283 522 2370 IX,
552 2285 583 2346 in
605 2284 758 2369 Chromii,
787 2282 840 2365 qui
861 2280 989 2344 llicroni
1009 2287 1076 2344 erat
1096 2279 1219 2366 affinis,
1247 2284 1318 2346 ho·-
1354 2273 1355 2342 1

302 2411 409 2456 norem
436 2396 627 2482 conposito,
657 2394 787 2458 Adrasti
810 2395 969 2460 historiam
996 2403 1029 2456 et
1048 2393 1246 2479 Amphiarai,
1280 2405 1321 2458 et
1355 2381 1356 2462 i

303 2505 417 2568 bellum
446 2515 550 2571 nmrat
574 2507 731 2572 adversm
753 2507 880 2571 Thebas
910 2514 1094 2586 susceptum
1118 2513 1226 2568 contra
1246 2525 1318 2568 vo-

303 2615 453 2678 luntatem
483 2617 620 2684 deorum.
674 2617 764 2698 Quae
792 2618 893 2683 omnia
913 2619 1093 2682 Boeclihius
1120 2616 1161 2680 ad
1183 2617 1317 2712 dippeu-

305 2721 413 2787 siones
441 2724 521 2789 inter
552 2731 728 2792 'lheronem
757 2729 984 2797 etllieronem
1010 2743 1119 2812 regem
1146 2728 1320 2792 reserenda

305 2852 383 2898 esse
401 2835 567 2902 existimat
613 2837 712 2903 Simili
732 2838 772 2902 de
794 2858 910 2902 caussa
929 2839 1114 2922 Aeschylus
1135 2861 1258 2925 puoqm
1283 2843 1320 2904 in

306 2945 486 3012 Thebanam
505 2949 641 3013 sahulem
669 2951 861 3014 uacmndam
883 2959 1006 3033 poterat
1025 2951 1181 3036 incide-re,
1213 2969 1320 3030 prae-

306 3057 414 3121 sertim
441 3069 599 3140 pestremo
626 3062 752 3126 Siculae
787 3063 1033 3128 commorationis
1066 3069 1223 3145 tempore,
1258 3062 1321 3125 ubi

307 3168 478 3234 seditiones
511 3173 582 3236 illae
613 3193 733 3242 omnem
760 3174 895 3238 civimtis
929 3180 1045 3236 statum
1072 3180 1217 3236 avertere
1245 3168 1319 3250 jann

308 3283 496 3364 inceperant.
551 3283 613 3348 list
636 3293 741 3349 tamen
746 3329 759 3374 ,
795 3303 851 3352 cur
878 3285 909 3350 in
935 3283 1043 3351 Sicilia
1074 3301 1144 3350 eant
1168 3283 1340 3352 edoctam'

309 3412 384 3458 esse
405 3395 561 3461 noluerim
583 3431 625 3445 -··
1006 3413 1010 3418 ’
