2724 4812
448 461 644 607 Lib-e

46 721 137 784 sione
158 697 281 784 orntare
299 727 453 806 rogatus,
473 735 534 782 neo
553 725 679 782 omnm
700 733 759 802 se,
785 716 962 800 respondit,
988 733 1048 779 neo

15 912 17 917 .
46 833 191 898 citharam
219 835 331 898 cellere
338 877 353 920 ,
383 831 416 896 id
445 839 549 894 temon
573 831 656 908 seire
683 845 827 912 magnam
859 828 1048 912 divitemque

45 945 175 1010 reddere
204 923 370 1009 oirdmem.
412 942 531 1024 Quibus
553 943 627 1006 illud
655 940 829 1004 manifesto
853 919 975 1022 tompus
996 943 1049 1004 in·

44 1059 146 1122 nuitur
152 1103 165 1143 ,
184 1075 246 1140 quo
258 1057 470 1122 Athenienses
484 1077 512 1122 a
532 1047 743 1120 ruentemole'
762 1053 925 1149 abalienati
940 1053 1048 1120 Cimo·

43 1189 116 1232 nom
136 1170 168 1232 in
193 1171 310 1234 deliciis
332 1168 495 1234 hebebant
546 1155 645 1230 Sinrul
669 1185 748 1230 vero
776 1167 844 1229 leus
875 1166 927 1258 ille
957 1170 1048 1249 plano

43 1281 126 1344 nulle
140 1281 218 1367 tuit,
239 1291 273 1347 et
294 1283 362 1346 sele
384 1301 444 1346 suo
464 1279 563 1346 uerba
580 1287 755 1360 oeruenmt,
776 1279 805 1341 si
820 1278 1050 1346 Themistocles

43 1392 93 1456 illo
110 1402 250 1477 temporo
270 1403 422 1466 testarum
439 1391 555 1472 judicio
571 1388 636 1471 jam
655 1389 778 1452 fuisset¹
791 1391 918 1456 civitate
931 1397 1048 1474 expuu-

41 1523 110 1568 sus.
154 1507 226 1568 'leli
245 1515 350 1570 autem
377 1505 469 1568 lende
489 1503 700 1568 Athenienses
722 1502 883 1568 Cimonem
905 1515 1049 1568 ornarunt

42 1635 87 1678 ex
106 1615 238 1704 Thracio
258 1619 311 1680 vel
328 1616 408 1680 adeo
427 1636 470 1678 ex
489 1617 592 1698 Scyro
614 1616 716 1679 insule
735 1614 766 1678 in
786 1615 915 1698 patriam
935 1637 1049 1680 rever·
1104 1703 1108 1711 .

41 1743 120 1790 sum.
154 1703 240 1790 ‘illud
268 1727 391 1810 quidem
417 1747 473 1810 pro
498 1736 585 1790 certo
606 1727 712 1790 heberi
732 1735 858 1814 potest,
885 1737 1049 1809 propterea

41 1839 125 1921 quod
153 1841 209 1902 Ion
237 1841 377 1922 tragicus
403 1840 436 1900 in
462 1835 651 1915 ἐπιδημίαις
673 1839 729 1898 vel
760 1840 794 1898 in
820 1836 1046 1920 ὑπομνήμασι,

40 1950 125 2014 unde
147 1968 207 2014 sue
228 1951 376 2012 hausisse
397 1945 523 2010 videtur
542 1947 731 2010 Plutarchus
747 1949 801 2030 1),
830 1947 990 2013 Cimonem
1015 1953 1048 2015 ‘in

42 2061 155 2124 eodem
182 2060 328 2123 eonrdvio
356 2071 503 2122 narrasse
530 2057 604 2120 dioit
636 2067 827 2143 strategeme
854 2061 948 2148 illud,
984 2081 1048 2145 quo

42 2174 131 2236 Sesti
152 2191 230 2236 usus
255 2182 307 2236 est
334 2181 369 2235 et
389 2170 544 2254 Byzantii.
585 2171 695 2253 ltaque
720 2175 780 2236 suh
806 2172 925 2236 exitnn
952 2173 1047 2254 hujus

41 2286 114 2348 enni
142 2285 372 2350 Themistocles
400 2283 582 2346 ostreeismo
609 2283 744 2358 nondum
771 2294 839 2350 eret
866 2305 1046 2368 oppressus.

42 2397 110 2460 Sed
130 2397 224 2458 etiam
243 2398 373 2458 alterum
394 2413 455 2456 non
470 2403 556 2457 ceret
574 2397 642 2459 veri
652 2397 769 2478 speeie.
810 2401 923 2481 Longe
942 2407 1048 2460 temen

40 2509 173 2591 absum,
195 2516 231 2570 ut
249 2509 376 2588 probem
396 2507 533 2570 rationes
553 2507 709 2572 Dodwelli
722 2510 779 2595 ²),
805 2509 858 2591 qui
879 2529 971 2594 quum
991 2513 1047 2572 Ion

41 2618 116 2683 τῶν
149 2619 304 2684 σπονδῶν
338 2607 533 2701 γενομένών.
550 2619 715 2712 Cimonem
747 2629 895 2686 cantasse
932 2621 1045 2710 tradat,

39 2733 102 2795 has
122 2729 273 2794 σπονδάς
292 2750 363 2795 oum
385 2735 463 2820 illis,
484 2739 572 2818 ques,
584 2741 657 2815 post
677 2733 814 2816 Scyrum
836 2753 856 2796 e
876 2735 1045 2816 Dolopibus

40 2841 202 2906 liberatem
231 2844 262 2904 in
288 2845 413 2906 theatro
428 2847 553 2910 Boccho
573 2845 737 2926 imperator
757 2846 887 2929 obtulit,
910 2844 1045 2924 conjun-

39 2951 163 3038 gendas
195 2971 270 3048 esse
302 2955 479 3043 contendit,
506 2955 638 3039 ideoque
667 2957 908 3020 Themistoclem
936 2964 1046 3020 censet

41 3074 115 3147 post
132 3067 283 3150 Dionysia
305 3067 377 3132 anni
402 3068 465 3154 7⁷,
484 3069 507 3130 4
527 3067 630 3132 edhue
651 3067 781 3152 degisse
799 3067 943 3152 Athenis.
978 3067 1045 3132 Sed

40 3179 202 3244 libationes
228 3181 298 3244 illee
320 3187 395 3242 sunt
421 3180 520 3261 ipsius
546 3179 701 3270 convivii,
728 3180 779 3245 oui
799 3181 855 3244 lon
874 3179 1045 3262 μειράκιον
1100 3198 1128 3240 .“

39 3289 240 3379 interfuerat,
269 3301 303 3358 et
328 3289 411 3374 quod
437 3289 539 3354 fusius
567 3291 651 3356 heud
677 3292 769 3358 dubie
790 3293 977 3380 descripsit,
1002 3295 1045 3357 ite

40 3411 76 3466 ut
96 3402 225 3486 primum
245 3422 326 3486 queo
346 3412 419 3485 post
437 3404 617 3491 libationes,
638 3403 770 3493 deinde,
793 3426 875 3490 queo
889 3402 1040 3490 ἐνπότςο,

41 3522 76 3577 ut
96 3516 165 3598 ipse
186 3515 373 3580 Plutarchus
394 3514 486 3600 dicit,
513 3517 665 3582 convivae
687 3518 849 3603 egissent,
878 3531 1042 3585 enarraret.

86 3775 111 3844 ι)
144 3778 273 3848 Homer,
294 3781 328 3836 V.
348 3780 407 3848 Ch,
430 3779 465 3834 de
486 3777 618 3844 fontibus
642 3785 673 3829 et
694 3777 868 3833 auctoritate
889 3778 1038 3836 Plutarchi

144 3879 174 3932 p.
190 3881 234 3930 40·
269 3866 308 3920 ef.
325 3866 452 3920 Sintenie
469 3863 506 3924 ed
522 3865 600 3919 Plut.
616 3861 760 3918 Periclem
776 3883 806 3936 p.
823 3873 866 3926 δι.

81 3984 110 4050 e)
144 3971 282 4036 Dodwell.
298 3983 320 4037 l.
337 3983 357 4036 1.
374 4001 404 4054 p.
420 3985 464 4054 67.
