<?xml version="1.0" encoding="UTF-8"?>
<!DOCTYPE html PUBLIC "-//W3C//DTD XHTML 1.0 Transitional//EN"
    "http://www.w3.org/TR/xhtml1/DTD/xhtml1-transitional.dtd">
<html xmlns="http://www.w3.org/1999/xhtml" xml:lang="en" lang="en">
 <head>
  <title>
</title>
<meta http-equiv="Content-Type" content="text/html;charset=utf-8" />
  <meta name='ocr-system' content='tesseract 3.04.00' />
  <meta name='ocr-capabilities' content='ocr_page ocr_carea ocr_par ocr_line ocrx_word'/>
</head>
<body>
  <div class='ocr_page' id='page_1' title='image "./deaeschylisepte00mlgoog_0051.png"; bbox 0 0 2728 4810; ppageno 0'>
   <div class='ocr_carea' id='block_1_1' title="bbox 714 501 915 576">
    <p class='ocr_par' dir='ltr' id='par_1_1' title="bbox 714 501 915 576">
     <span class='ocr_line' id='line_1_1' title="bbox 714 501 915 576; baseline -0.025 -23"><span class='ocrx_word' id='word_1_1' title='bbox 714 501 915 576; x_wconf 70' lang='lat' dir='ltr'><strong>-4g..</strong></span> 
     </span>
    </p>
   </div>
   <div class='ocr_carea' id='block_1_2' title="bbox 277 697 1348 3816">
    <p class='ocr_par' dir='ltr' id='par_1_2' title="bbox 312 697 1318 1346">
     <span class='ocr_line' id='line_1_2' title="bbox 314 697 1311 784; baseline -0.011 -13"><span class='ocrx_word' id='word_1_2' title='bbox 314 722 395 770; x_wconf 87' lang='lat' dir='ltr'><strong>mum</strong></span> <span class='ocrx_word' id='word_1_3' title='bbox 414 699 495 764; x_wconf 88' lang='lat' dir='ltr'><strong>actio</strong></span> <span class='ocrx_word' id='word_1_4' title='bbox 515 697 731 764; x_wconf 74' lang='lat' dir='ltr'><strong>commetiens</strong></span> <span class='ocrx_word' id='word_1_5' title='bbox 744 697 909 764; x_wconf 87' lang='lat' dir='ltr'><strong>adscendit</strong></span> <span class='ocrx_word' id='word_1_6' title='bbox 921 706 956 764; x_wconf 86' lang='lat' dir='ltr'><strong>¹et</strong></span> <span class='ocrx_word' id='word_1_7' title='bbox 971 699 1058 784; x_wconf 84' lang='lat' dir='ltr'><strong>qnasi</strong></span> <span class='ocrx_word' id='word_1_8' title='bbox 1079 697 1311 781; x_wconf 72' lang='lat' dir='ltr'><strong>perturbationis</strong></span> 
     </span>
     <span class='ocr_line' id='line_1_3' title="bbox 313 810 1312 900; baseline -0.008 -20"><span class='ocrx_word' id='word_1_9' title='bbox 313 814 478 900; x_wconf 80' lang='lat' dir='ltr'><strong>fastigium.</strong></span> <span class='ocrx_word' id='word_1_10' title='bbox 519 813 556 874; x_wconf 89' lang='lat' dir='ltr'><strong>In</strong></span> <span class='ocrx_word' id='word_1_11' title='bbox 576 820 731 896; x_wconf 86' lang='lat' dir='ltr'><strong>postrema</strong></span> <span class='ocrx_word' id='word_1_12' title='bbox 751 810 863 878; x_wconf 86' lang='lat' dir='ltr'><strong>deinde</strong></span> <span class='ocrx_word' id='word_1_13' title='bbox 883 811 990 882; x_wconf 87' lang='lat' dir='ltr'><strong>fabula</strong></span> <span class='ocrx_word' id='word_1_14' title='bbox 1012 813 1147 877; x_wconf 85' lang='lat' dir='ltr'><strong>affectus</strong></span> <span class='ocrx_word' id='word_1_15' title='bbox 1170 829 1312 892; x_wconf 84' lang='lat' dir='ltr'><strong>exsupe-</strong></span> 
     </span>
     <span class='ocr_line' id='line_1_4' title="bbox 312 920 1316 1008; baseline -0.007 -18"><span class='ocrx_word' id='word_1_16' title='bbox 312 928 410 992; x_wconf 84' lang='lat' dir='ltr'><strong>rantia</strong></span> <span class='ocrx_word' id='word_1_17' title='bbox 431 926 473 990; x_wconf 89' lang='lat' dir='ltr'><strong>ad</strong></span> <span class='ocrx_word' id='word_1_18' title='bbox 493 927 646 1008; x_wconf 84' lang='lat' dir='ltr'><strong>placidum</strong></span> <span class='ocrx_word' id='word_1_19' title='bbox 671 932 835 988; x_wconf 84' lang='lat' dir='ltr'><strong>revocatur</strong></span> <span class='ocrx_word' id='word_1_20' title='bbox 864 933 898 987; x_wconf 89' lang='lat' dir='ltr'><strong>et</strong></span> <span class='ocrx_word' id='word_1_21' title='bbox 920 926 1057 1008; x_wconf 87' lang='lat' dir='ltr'><strong>quietum</strong></span> <span class='ocrx_word' id='word_1_22' title='bbox 1079 941 1223 1006; x_wconf 81' lang='lat' dir='ltr'><strong>cursum,</strong></span> <span class='ocrx_word' id='word_1_23' title='bbox 1263 920 1316 1002; x_wconf 84' lang='lat' dir='ltr'><strong>qui</strong></span> 
     </span>
     <span class='ocr_line' id='line_1_5' title="bbox 313 1033 1316 1123; baseline -0.009 -20"><span class='ocrx_word' id='word_1_24' title='bbox 313 1039 437 1123; x_wconf 90' lang='lat' dir='ltr'><strong>quidem</strong></span> <span class='ocrx_word' id='word_1_25' title='bbox 462 1059 501 1102; x_wconf 91' lang='lat' dir='ltr'><strong>eo</strong></span> <span class='ocrx_word' id='word_1_26' title='bbox 528 1037 699 1102; x_wconf 82' lang='lat' dir='ltr'><strong>studiosius</strong></span> <span class='ocrx_word' id='word_1_27' title='bbox 726 1035 926 1100; x_wconf 83' lang='lat' dir='ltr'><strong>adducendus</strong></span> <span class='ocrx_word' id='word_1_28' title='bbox 956 1044 1027 1116; x_wconf 83' lang='lat' dir='ltr'><strong>est,</strong></span> <span class='ocrx_word' id='word_1_29' title='bbox 1061 1054 1122 1116; x_wconf 91' lang='lat' dir='ltr'><strong>qno</strong></span> <span class='ocrx_word' id='word_1_30' title='bbox 1142 1035 1243 1118; x_wconf 86' lang='lat' dir='ltr'><strong>magis</strong></span> <span class='ocrx_word' id='word_1_31' title='bbox 1264 1033 1316 1094; x_wconf 87' lang='lat' dir='ltr'><strong>ille</strong></span> 
     </span>
     <span class='ocr_line' id='line_1_6' title="bbox 312 1148 1318 1235; baseline -0.012 -18"><span class='ocrx_word' id='word_1_32' title='bbox 312 1153 354 1216; x_wconf 92' lang='lat' dir='ltr'><strong>ad</strong></span> <span class='ocrx_word' id='word_1_33' title='bbox 375 1173 443 1216; x_wconf 85' lang='lat' dir='ltr'><strong>eam</strong></span> <span class='ocrx_word' id='word_1_34' title='bbox 463 1153 642 1235; x_wconf 81' lang='lat' dir='ltr'><strong>requiritur,</strong></span> <span class='ocrx_word' id='word_1_35' title='bbox 663 1169 744 1231; x_wconf 89' lang='lat' dir='ltr'><strong>quae</strong></span> <span class='ocrx_word' id='word_1_36' title='bbox 764 1157 829 1212; x_wconf 87' lang='lat' dir='ltr'><strong>tota</strong></span> <span class='ocrx_word' id='word_1_37' title='bbox 848 1148 966 1232; x_wconf 83' lang='lat' dir='ltr'><strong>trilogia</strong></span> <span class='ocrx_word' id='word_1_38' title='bbox 986 1163 1139 1229; x_wconf 83' lang='lat' dir='ltr'><strong>expressa</strong></span> <span class='ocrx_word' id='word_1_39' title='bbox 1160 1153 1231 1229; x_wconf 85' lang='lat' dir='ltr'><strong>est,</strong></span> <span class='ocrx_word' id='word_1_40' title='bbox 1253 1163 1318 1206; x_wconf 89' lang='lat' dir='ltr'><strong>no-</strong></span> 
     </span>
     <span class='ocr_line' id='line_1_7' title="bbox 313 1261 795 1346; baseline -0.01 -17"><span class='ocrx_word' id='word_1_41' title='bbox 313 1268 427 1332; x_wconf 89' lang='lat' dir='ltr'><strong>tionem</strong></span> <span class='ocrx_word' id='word_1_42' title='bbox 447 1274 536 1328; x_wconf 85' lang='lat' dir='ltr'><strong>recte</strong></span> <span class='ocrx_word' id='word_1_43' title='bbox 555 1261 795 1346; x_wconf 83' lang='lat' dir='ltr'><strong>percipiendam.</strong></span> 
     </span>
    </p>

    <p class='ocr_par' dir='ltr' id='par_1_3' title="bbox 277 1367 1324 2126">
     <span class='ocr_line' id='line_1_8' title="bbox 399 1367 1322 1459; baseline -0.016 -17"><span class='ocrx_word' id='word_1_44' title='bbox 399 1376 467 1443; x_wconf 86' lang='lat' dir='ltr'><strong>Sed</strong></span> <span class='ocrx_word' id='word_1_45' title='bbox 486 1397 526 1439; x_wconf 90' lang='lat' dir='ltr'><strong>ne</strong></span> <span class='ocrx_word' id='word_1_46' title='bbox 541 1377 581 1439; x_wconf 85' lang='lat' dir='ltr'><strong>ad</strong></span> <span class='ocrx_word' id='word_1_47' title='bbox 605 1377 705 1439; x_wconf 89' lang='lat' dir='ltr'><strong>aliena</strong></span> <span class='ocrx_word' id='word_1_48' title='bbox 721 1374 865 1436; x_wconf 87' lang='lat' dir='ltr'><strong>aberrare</strong></span> <span class='ocrx_word' id='word_1_49' title='bbox 883 1371 1011 1459; x_wconf 76' lang='lat' dir='ltr'><strong>videar,</strong></span> <span class='ocrx_word' id='word_1_50' title='bbox 1029 1372 1098 1454; x_wconf 87' lang='lat' dir='ltr'><strong>ipse</strong></span> <span class='ocrx_word' id='word_1_51' title='bbox 1114 1369 1241 1454; x_wconf 76' lang='lat' dir='ltr'><strong>titulis,</strong></span> <span class='ocrx_word' id='word_1_52' title='bbox 1264 1367 1322 1446; x_wconf 91' lang='lat' dir='ltr'><strong>qui</strong></span> 
     </span>
     <span class='ocr_line' id='line_1_9' title="bbox 315 1475 1322 1574; baseline -0.017 -18"><span class='ocrx_word' id='word_1_53' title='bbox 315 1491 388 1556; x_wconf 90' lang='lat' dir='ltr'><strong>huic</strong></span> <span class='ocrx_word' id='word_1_54' title='bbox 401 1489 524 1554; x_wconf 74' lang='lat' dir='ltr'><strong>fatuae</strong></span> <span class='ocrx_word' id='word_1_55' title='bbox 538 1487 729 1574; x_wconf 79' lang='lat' dir='ltr'><strong>praeligitur,</strong></span> <span class='ocrx_word' id='word_1_56' title='bbox 750 1484 880 1548; x_wconf 89' lang='lat' dir='ltr'><strong>arctiore</strong></span> <span class='ocrx_word' id='word_1_57' title='bbox 894 1505 963 1547; x_wconf 88' lang='lat' dir='ltr'><strong>eam</strong></span> <span class='ocrx_word' id='word_1_58' title='bbox 978 1503 1048 1548; x_wconf 89' lang='lat' dir='ltr'><strong>cum</strong></span> <span class='ocrx_word' id='word_1_59' title='bbox 1061 1475 1205 1565; x_wconf 79' lang='lat' dir='ltr'><strong>Nemeis,</strong></span> <span class='ocrx_word' id='word_1_60' title='bbox 1226 1497 1322 1560; x_wconf 86' lang='lat' dir='ltr'><strong>quam</strong></span> 
     </span>
     <span class='ocr_line' id='line_1_10' title="bbox 311 1590 1320 1686; baseline -0.021 -15"><span class='ocrx_word' id='word_1_61' title='bbox 311 1604 382 1686; x_wconf 87' lang='lat' dir='ltr'><strong>jure</strong></span> <span class='ocrx_word' id='word_1_62' title='bbox 402 1613 455 1664; x_wconf 91' lang='lat' dir='ltr'><strong>tuo</strong></span> <span class='ocrx_word' id='word_1_63' title='bbox 477 1601 608 1679; x_wconf 80' lang='lat' dir='ltr'><strong>Septem</strong></span> <span class='ocrx_word' id='word_1_64' title='bbox 636 1597 677 1658; x_wconf 86' lang='lat' dir='ltr'><strong>ad</strong></span> <span class='ocrx_word' id='word_1_65' title='bbox 697 1596 849 1656; x_wconf 87' lang='lat' dir='ltr'><strong>Nemeam</strong></span> <span class='ocrx_word' id='word_1_66' title='bbox 878 1596 1085 1672; x_wconf 78' lang='lat' dir='ltr'><strong>appellaveris</strong></span> <span class='ocrx_word' id='word_1_67' title='bbox 1103 1595 1160 1678; x_wconf 81' lang='lat'><strong>¹),</strong></span> <span class='ocrx_word' id='word_1_68' title='bbox 1193 1590 1320 1654; x_wconf 85' lang='lat' dir='ltr'><strong>vinculo</strong></span> 
     </span>
     <span class='ocr_line' id='line_1_11' title="bbox 313 1700 1321 1794; baseline -0.017 -15"><span class='ocrx_word' id='word_1_69' title='bbox 313 1711 508 1794; x_wconf 84' lang='lat' dir='ltr'><strong>conjunctam</strong></span> <span class='ocrx_word' id='word_1_70' title='bbox 540 1726 615 1770; x_wconf 87' lang='lat' dir='ltr'><strong>esse</strong></span> <span class='ocrx_word' id='word_1_71' title='bbox 646 1706 751 1768; x_wconf 85' lang='lat' dir='ltr'><strong>innuit</strong></span> <span class='ocrx_word' id='word_1_72' title='bbox 793 1702 876 1764; x_wconf 90' lang='lat' dir='ltr'><strong>Nam</strong></span> <span class='ocrx_word' id='word_1_73' title='bbox 910 1702 939 1763; x_wconf 92' lang='lat' dir='ltr'><strong>si</strong></span> <span class='ocrx_word' id='word_1_74' title='bbox 972 1712 1188 1782; x_wconf 87' lang='lat' dir='ltr'><strong>argumentum</strong></span> <span class='ocrx_word' id='word_1_75' title='bbox 1224 1700 1321 1780; x_wconf 86' lang='lat' dir='ltr'><strong>hujus</strong></span> 
     </span>
     <span class='ocr_line' id='line_1_12' title="bbox 314 1810 1324 1910; baseline -0.014 -18"><span class='ocrx_word' id='word_1_76' title='bbox 314 1823 495 1910; x_wconf 75' lang='lat' dir='ltr'><strong>tragoediae</strong></span> <span class='ocrx_word' id='word_1_77' title='bbox 516 1840 572 1902; x_wconf 89' lang='lat' dir='ltr'><strong>per</strong></span> <span class='ocrx_word' id='word_1_78' title='bbox 593 1838 631 1882; x_wconf 88' lang='lat' dir='ltr'><strong>se</strong></span> <span class='ocrx_word' id='word_1_79' title='bbox 652 1815 877 1898; x_wconf 81' lang='lat' dir='ltr'><strong>consideratur,</strong></span> <span class='ocrx_word' id='word_1_80' title='bbox 897 1812 1046 1894; x_wconf 77' lang='lat' dir='ltr'><strong>tragicam</strong></span> <span class='ocrx_word' id='word_1_81' title='bbox 1069 1810 1140 1892; x_wconf 87' lang='lat' dir='ltr'><strong>ejus</strong></span> <span class='ocrx_word' id='word_1_82' title='bbox 1161 1814 1324 1878; x_wconf 83' lang='lat' dir='ltr'><strong>notionem</strong></span> 
     </span>
     <span class='ocr_line' id='line_1_13' title="bbox 277 1923 1324 2027; baseline -0.023 -19"><span class='ocrx_word' id='word_1_83' title='bbox 277 2022 280 2027; x_wconf 90' lang='lat'>.</span> <span class='ocrx_word' id='word_1_84' title='bbox 315 1962 378 2007; x_wconf 90' lang='lat' dir='ltr'><strong>non</strong></span> <span class='ocrx_word' id='word_1_85' title='bbox 406 1938 439 2000; x_wconf 92' lang='lat' dir='ltr'><strong>in</strong></span> <span class='ocrx_word' id='word_1_86' title='bbox 457 1935 647 2014; x_wconf 84' lang='lat' dir='ltr'><strong>Argivorum</strong></span> <span class='ocrx_word' id='word_1_87' title='bbox 667 1927 802 2012; x_wconf 89' lang='lat' dir='ltr'><strong>pernicie</strong></span> <span class='ocrx_word' id='word_1_88' title='bbox 830 1923 962 2007; x_wconf 83' lang='lat' dir='ltr'><strong>positam</strong></span> <span class='ocrx_word' id='word_1_89' title='bbox 989 1941 1084 2012; x_wconf 84' lang='lat' dir='ltr'><strong>esse,</strong></span> <span class='ocrx_word' id='word_1_90' title='bbox 1118 1923 1178 1988; x_wconf 88' lang='lat' dir='ltr'><strong>scd</strong></span> <span class='ocrx_word' id='word_1_91' title='bbox 1197 1925 1324 1986; x_wconf 83' lang='lat' dir='ltr'><strong>versari</strong></span> 
     </span>
     <span class='ocr_line' id='line_1_14' title="bbox 314 2028 1169 2126; baseline -0.034 -4"><span class='ocrx_word' id='word_1_92' title='bbox 314 2059 347 2122; x_wconf 90' lang='lat' dir='ltr'><strong>iu</strong></span> <span class='ocrx_word' id='word_1_93' title='bbox 365 2055 494 2118; x_wconf 87' lang='lat' dir='ltr'><strong>fratrum</strong></span> <span class='ocrx_word' id='word_1_94' title='bbox 516 2044 702 2126; x_wconf 82' lang='lat' dir='ltr'><strong>certamine,</strong></span> <span class='ocrx_word' id='word_1_95' title='bbox 724 2041 885 2124; x_wconf 76' lang='lat' dir='ltr'><strong>quisset,</strong></span> <span class='ocrx_word' id='word_1_96' title='bbox 907 2035 958 2118; x_wconf 89' lang='lat' dir='ltr'><strong>qui</strong></span> <span class='ocrx_word' id='word_1_97' title='bbox 979 2028 1102 2116; x_wconf 73' lang='lat' dir='ltr'><strong>negati</strong></span> <span class='ocrx_word' id='word_1_98' title='bbox 1126 2069 1169 2080; x_wconf 90' lang='lat'><em>-</em></span> 
     </span>
    </p>

    <p class='ocr_par' dir='ltr' id='par_1_4' title="bbox 314 2145 1348 3464">
     <span class='ocr_line' id='line_1_15' title="bbox 359 2145 1322 2231; baseline -0.023 -2"><span class='ocrx_word' id='word_1_99' title='bbox 359 2223 361 2228; x_wconf 84' lang='lat'><em>.</em></span> <span class='ocrx_word' id='word_1_100' title='bbox 398 2165 533 2229; x_wconf 88' lang='lat' dir='ltr'><strong>Primum</strong></span> <span class='ocrx_word' id='word_1_101' title='bbox 553 2160 586 2222; x_wconf 90' lang='lat' dir='ltr'><strong>in</strong></span> <span class='ocrx_word' id='word_1_102' title='bbox 606 2171 734 2220; x_wconf 87' lang='lat' dir='ltr'><strong>scenam</strong></span> <span class='ocrx_word' id='word_1_103' title='bbox 761 2149 860 2231; x_wconf 85' lang='lat' dir='ltr'><strong>prodit</strong></span> <span class='ocrx_word' id='word_1_104' title='bbox 880 2147 1048 2230; x_wconf 81' lang='lat' dir='ltr'><strong>Eteocles,</strong></span> <span class='ocrx_word' id='word_1_105' title='bbox 1083 2146 1172 2209; x_wconf 89' lang='lat' dir='ltr'><strong>cives</strong></span> <span class='ocrx_word' id='word_1_106' title='bbox 1201 2145 1322 2213; x_wconf 90' lang='lat' dir='ltr'><strong>exhor-</strong></span> 
     </span>
     <span class='ocr_line' id='line_1_16' title="bbox 314 2258 1322 2364; baseline -0.026 -19"><span class='ocrx_word' id='word_1_107' title='bbox 314 2289 400 2364; x_wconf 86' lang='lat' dir='ltr'><strong>trus,</strong></span> <span class='ocrx_word' id='word_1_108' title='bbox 421 2286 456 2340; x_wconf 92' lang='lat' dir='ltr'><strong>ut</strong></span> <span class='ocrx_word' id='word_1_109' title='bbox 475 2275 582 2338; x_wconf 89' lang='lat' dir='ltr'><strong>urbem</strong></span> <span class='ocrx_word' id='word_1_110' title='bbox 602 2267 721 2332; x_wconf 90' lang='lat' dir='ltr'><strong>fortiter</strong></span> <span class='ocrx_word' id='word_1_111' title='bbox 742 2260 961 2343; x_wconf 87' lang='lat' dir='ltr'><strong>defendentes,</strong></span> <span class='ocrx_word' id='word_1_112' title='bbox 982 2275 1043 2323; x_wconf 88' lang='lat' dir='ltr'><strong>uec</strong></span> <span class='ocrx_word' id='word_1_113' title='bbox 1062 2258 1182 2328; x_wconf 83' lang='lat' dir='ltr'><strong>turbam</strong></span> <span class='ocrx_word' id='word_1_114' title='bbox 1201 2259 1322 2322; x_wconf 85' lang='lat' dir='ltr'><strong>timen-</strong></span> 
     </span>
     <span class='ocr_line' id='line_1_17' title="bbox 315 2369 1322 2473; baseline -0.026 -15"><span class='ocrx_word' id='word_1_115' title='bbox 315 2401 368 2458; x_wconf 88' lang='lat' dir='ltr'><strong>tes</strong></span> <span class='ocrx_word' id='word_1_116' title='bbox 388 2387 633 2473; x_wconf 80' lang='lat' dir='ltr'><strong>peregrinorum,</strong></span> <span class='ocrx_word' id='word_1_117' title='bbox 655 2375 773 2459; x_wconf 82' lang='lat' dir='ltr'><strong>patriae</strong></span> <span class='ocrx_word' id='word_1_118' title='bbox 794 2372 895 2436; x_wconf 86' lang='lat' dir='ltr'><strong>telluri</strong></span> <span class='ocrx_word' id='word_1_119' title='bbox 914 2369 1106 2434; x_wconf 79' lang='lat' dir='ltr'><strong>educationis</strong></span> <span class='ocrx_word' id='word_1_120' title='bbox 1129 2387 1234 2432; x_wconf 87' lang='lat' dir='ltr'><strong>curam</strong></span> <span class='ocrx_word' id='word_1_121' title='bbox 1254 2391 1322 2433; x_wconf 87' lang='lat' dir='ltr'><strong>ve-</strong></span> 
     </span>
     <span class='ocr_line' id='line_1_18' title="bbox 315 2483 1321 2572; baseline -0.023 -4"><span class='ocrx_word' id='word_1_122' title='bbox 315 2505 372 2567; x_wconf 86' lang='lat' dir='ltr'><strong>lint</strong></span> <span class='ocrx_word' id='word_1_123' title='bbox 386 2501 554 2566; x_wconf 87' lang='lat' dir='ltr'><strong>resolvere.</strong></span> <span class='ocrx_word' id='word_1_124' title='bbox 596 2492 707 2556; x_wconf 83' lang='lat' dir='ltr'><strong>Omnia</strong></span> <span class='ocrx_word' id='word_1_125' title='bbox 726 2488 812 2572; x_wconf 85' lang='lat' dir='ltr'><strong>regis</strong></span> <span class='ocrx_word' id='word_1_126' title='bbox 827 2486 925 2550; x_wconf 87' lang='lat' dir='ltr'><strong>verba</strong></span> <span class='ocrx_word' id='word_1_127' title='bbox 945 2492 979 2548; x_wconf 91' lang='lat' dir='ltr'><strong>et</strong></span> <span class='ocrx_word' id='word_1_128' title='bbox 998 2483 1184 2566; x_wconf 86' lang='lat' dir='ltr'><strong>gravitatem</strong></span> <span class='ocrx_word' id='word_1_129' title='bbox 1206 2490 1321 2546; x_wconf 89' lang='lat' dir='ltr'><strong>osten-</strong></span> 
     </span>
     <span class='ocr_line' id='line_1_19' title="bbox 316 2595 1319 2678; baseline -0.02 0"><span class='ocrx_word' id='word_1_130' title='bbox 316 2615 394 2678; x_wconf 88' lang='lat' dir='ltr'><strong>dunt</strong></span> <span class='ocrx_word' id='word_1_131' title='bbox 413 2620 447 2677; x_wconf 87' lang='lat' dir='ltr'><strong>et</strong></span> <span class='ocrx_word' id='word_1_132' title='bbox 466 2609 558 2678; x_wconf 87' lang='lat' dir='ltr'><strong>animi</strong></span> <span class='ocrx_word' id='word_1_133' title='bbox 578 2602 776 2670; x_wconf 82' lang='lat' dir='ltr'><strong>altitudinem.</strong></span> <span class='ocrx_word' id='word_1_134' title='bbox 816 2599 933 2662; x_wconf 83' lang='lat' dir='ltr'><strong>Narrat</strong></span> <span class='ocrx_word' id='word_1_135' title='bbox 960 2596 1073 2660; x_wconf 85' lang='lat' dir='ltr'><strong>deinde</strong></span> <span class='ocrx_word' id='word_1_136' title='bbox 1104 2595 1231 2658; x_wconf 86' lang='lat' dir='ltr'><strong>nuntius</strong></span> <span class='ocrx_word' id='word_1_137' title='bbox 1264 2597 1319 2658; x_wconf 84' lang='lat' dir='ltr'><strong>vi-</strong></span> 
     </span>
     <span class='ocr_line' id='line_1_20' title="bbox 316 2706 1320 2805; baseline -0.023 -14"><span class='ocrx_word' id='word_1_138' title='bbox 316 2726 404 2791; x_wconf 90' lang='lat' dir='ltr'><strong>disse</strong></span> <span class='ocrx_word' id='word_1_139' title='bbox 424 2742 463 2787; x_wconf 92' lang='lat' dir='ltr'><strong>se</strong></span> <span class='ocrx_word' id='word_1_140' title='bbox 483 2721 642 2805; x_wconf 84' lang='lat' dir='ltr'><strong>Argivos,</strong></span> <span class='ocrx_word' id='word_1_141' title='bbox 670 2716 722 2798; x_wconf 84' lang='lat' dir='ltr'><strong>qui</strong></span> <span class='ocrx_word' id='word_1_142' title='bbox 748 2713 892 2777; x_wconf 75' lang='lat' dir='ltr'><strong>butinam</strong></span> <span class='ocrx_word' id='word_1_143' title='bbox 918 2708 1047 2774; x_wconf 86' lang='lat' dir='ltr'><strong>caedem</strong></span> <span class='ocrx_word' id='word_1_144' title='bbox 1062 2706 1217 2770; x_wconf 39' lang='lat' dir='ltr'><strong>*manibus</strong></span> <span class='ocrx_word' id='word_1_145' title='bbox 1244 2715 1320 2769; x_wconf 88' lang='lat' dir='ltr'><strong>tan-</strong></span> 
     </span>
     <span class='ocr_line' id='line_1_21' title="bbox 318 2813 1321 2925; baseline -0.02 -23"><span class='ocrx_word' id='word_1_146' title='bbox 318 2813 431 2925; x_wconf 82' lang='lat' dir='ltr'><strong>gentes</strong></span> <span class='ocrx_word' id='word_1_147' title='bbox 452 2841 506 2897; x_wconf 86' lang='lat' dir='ltr'><strong>aut</strong></span> <span class='ocrx_word' id='word_1_148' title='bbox 524 2831 630 2894; x_wconf 86' lang='lat' dir='ltr'><strong>urbem</strong></span> <span class='ocrx_word' id='word_1_149' title='bbox 653 2846 691 2890; x_wconf 90' lang='lat' dir='ltr'><strong>se</strong></span> <span class='ocrx_word' id='word_1_150' title='bbox 712 2823 919 2889; x_wconf 83' lang='lat' dir='ltr'><strong>Cadmeorum</strong></span> <span class='ocrx_word' id='word_1_151' title='bbox 938 2821 972 2884; x_wconf 89' lang='lat' dir='ltr'><strong>vi</strong></span> <span class='ocrx_word' id='word_1_152' title='bbox 992 2827 1228 2902; x_wconf 84' lang='lat' dir='ltr'><strong>expugnaturos.</strong></span> <span class='ocrx_word' id='word_1_153' title='bbox 1244 2838 1321 2882; x_wconf 88' lang='lat' dir='ltr'><strong>esse</strong></span> 
     </span>
     <span class='ocr_line' id='line_1_22' title="bbox 314 2933 1322 3034; baseline -0.025 -16"><span class='ocrx_word' id='word_1_154' title='bbox 314 2953 495 3034; x_wconf 83' lang='lat' dir='ltr'><strong>jurassent,</strong></span> <span class='ocrx_word' id='word_1_155' title='bbox 537 2949 592 3005; x_wconf 91' lang='lat' dir='ltr'><strong>aut</strong></span> <span class='ocrx_word' id='word_1_156' title='bbox 608 3025 612 3032; x_wconf 68' lang='lat'>,</span> <span class='ocrx_word' id='word_1_157' title='bbox 628 2939 794 3001; x_wconf 88' lang='lat' dir='ltr'><strong>morientes</strong></span> <span class='ocrx_word' id='word_1_158' title='bbox 825 2943 939 2999; x_wconf 87' lang='lat' dir='ltr'><strong>terram</strong></span> <span class='ocrx_word' id='word_1_159' title='bbox 973 2935 1122 2996; x_wconf 89' lang='lat' dir='ltr'><strong>tincturos</strong></span> <span class='ocrx_word' id='word_1_160' title='bbox 1155 2933 1322 3010; x_wconf 86' lang='lat' dir='ltr'><strong>sanguine.</strong></span> 
     </span>
     <span class='ocr_line' id='line_1_23' title="bbox 318 3042 1323 3138; baseline -0.028 -9"><span class='ocrx_word' id='word_1_161' title='bbox 318 3064 380 3128; x_wconf 85' lang='lat' dir='ltr'><strong>Cui</strong></span> <span class='ocrx_word' id='word_1_162' title='bbox 406 3061 448 3124; x_wconf 89' lang='lat' dir='ltr'><strong>nil</strong></span> <span class='ocrx_word' id='word_1_163' title='bbox 474 3052 667 3138; x_wconf 83' lang='lat' dir='ltr'><strong>respondens</strong></span> <span class='ocrx_word' id='word_1_164' title='bbox 695 3050 845 3113; x_wconf 75' lang='lat' dir='ltr'><strong>Eteocles</strong></span> <span class='ocrx_word' id='word_1_165' title='bbox 873 3064 985 3130; x_wconf 87' lang='lat' dir='ltr'><strong>preces</strong></span> <span class='ocrx_word' id='word_1_166' title='bbox 1012 3043 1075 3104; x_wconf 88' lang='lat' dir='ltr'><strong>edit</strong></span> <span class='ocrx_word' id='word_1_167' title='bbox 1101 3042 1214 3101; x_wconf 89' lang='lat' dir='ltr'><strong>breves</strong></span> <span class='ocrx_word' id='word_1_168' title='bbox 1244 3042 1323 3120; x_wconf 93' lang='lat' dir='ltr'><strong>qui-</strong></span> 
     </span>
     <span class='ocr_line' id='line_1_24' title="bbox 318 3149 1321 3260; baseline -0.03 -18"><span class='ocrx_word' id='word_1_169' title='bbox 318 3177 407 3260; x_wconf 68' lang='lat' dir='ltr'><strong>dem,</strong></span> <span class='ocrx_word' id='word_1_170' title='bbox 427 3170 485 3236; x_wconf 89' lang='lat' dir='ltr'><strong>sed</strong></span> <span class='ocrx_word' id='word_1_171' title='bbox 500 3163 855 3252; x_wconf 79' lang='lat' dir='ltr'><strong>quoer‘egemdeoeont3</strong></span> <span class='ocrx_word' id='word_1_172' title='bbox 876 3168 909 3222; x_wconf 86' lang='lat' dir='ltr'><strong>at</strong></span> <span class='ocrx_word' id='word_1_173' title='bbox 931 3155 1048 3218; x_wconf 61' lang='lat' dir='ltr'><strong>videas,</strong></span> <span class='ocrx_word' id='word_1_174' title='bbox 1062 3170 1153 3234; x_wconf 89' lang='lat' dir='ltr'><strong>quam</strong></span> <span class='ocrx_word' id='word_1_175' title='bbox 1176 3149 1321 3212; x_wconf 85' lang='lat' dir='ltr'><strong>eximiam</strong></span> 
     </span>
     <span class='ocr_line' id='line_1_25' title="bbox 318 3263 1320 3356; baseline -0.029 -2"><span class='ocrx_word' id='word_1_176' title='bbox 318 3289 409 3354; x_wconf 88' lang='lat' dir='ltr'><strong>animi</strong></span> <span class='ocrx_word' id='word_1_177' title='bbox 427 3283 616 3350; x_wconf 88' lang='lat' dir='ltr'><strong>auxietatem</strong></span> <span class='ocrx_word' id='word_1_178' title='bbox 645 3293 760 3338; x_wconf 87' lang='lat' dir='ltr'><strong>versus</strong></span> <span class='ocrx_word' id='word_1_179' title='bbox 782 3270 930 3356; x_wconf 82' lang='lat' dir='ltr'><strong>prodent,</strong></span> <span class='ocrx_word' id='word_1_180' title='bbox 961 3266 1094 3350; x_wconf 88' lang='lat' dir='ltr'><strong>nolenti,</strong></span> <span class='ocrx_word' id='word_1_181' title='bbox 1127 3272 1162 3330; x_wconf 90' lang='lat' dir='ltr'><strong>ut</strong></span> <span class='ocrx_word' id='word_1_182' title='bbox 1181 3263 1320 3349; x_wconf 80' lang='lat' dir='ltr'><strong>videtur,</strong></span> 
     </span>
     <span class='ocr_line' id='line_1_26' title="bbox 316 3357 1348 3464; baseline -0.018 -2"><span class='ocrx_word' id='word_1_183' title='bbox 316 3402 495 3464; x_wconf 84' lang='lat' dir='ltr'><strong>elabentes:</strong></span> <span class='ocrx_word' id='word_1_184' title='bbox 869 3393 873 3407; x_wconf 88' lang='grc'><strong>“</strong></span> <span class='ocrx_word' id='word_1_185' title='bbox 1347 3357 1348 3388; x_wconf 24' lang='grc' dir='ltr'><strong>ἶ</strong></span> 
     </span>
    </p>

    <p class='ocr_par' dir='ltr' id='par_1_5' title="bbox 383 3487 1150 3581">
     <span class='ocr_line' id='line_1_27' title="bbox 383 3487 1150 3581; baseline -0.021 -11"><span class='ocrx_word' id='word_1_186' title='bbox 383 3502 413 3570; x_wconf 81' lang='grc' dir='ltr'><strong><em>ὦ</em></strong></span> <span class='ocrx_word' id='word_1_187' title='bbox 438 3510 503 3574; x_wconf 81' lang='grc' dir='ltr'><strong>Ζεῦ</strong></span> <span class='ocrx_word' id='word_1_188' title='bbox 523 3523 557 3574; x_wconf 78' lang='lat' dir='ltr'><strong>re</strong></span> <span class='ocrx_word' id='word_1_189' title='bbox 576 3499 636 3571; x_wconf 76' lang='lat' dir='ltr'><strong>ool</strong></span> <span class='ocrx_word' id='word_1_190' title='bbox 657 3500 726 3581; x_wconf 85' lang='grc' dir='ltr'><strong>Γῆ,</strong></span> <span class='ocrx_word' id='word_1_191' title='bbox 748 3493 808 3562; x_wconf 79' lang='grc' dir='ltr'><strong>καὶ</strong></span> <span class='ocrx_word' id='word_1_192' title='bbox 829 3495 1046 3572; x_wconf 80' lang='grc' dir='ltr'><em>πολισσοῦχοι</em></span> <span class='ocrx_word' id='word_1_193' title='bbox 1061 3487 1150 3569; x_wconf 61' lang='lat' dir='ltr'><strong>aret</strong></span> 
     </span>
    </p>

    <p class='ocr_par' dir='ltr' id='par_1_6' title="bbox 382 3601 1295 3697">
     <span class='ocr_line' id='line_1_28' title="bbox 382 3601 1295 3697; baseline -0.022 -18"><span class='ocrx_word' id='word_1_194' title='bbox 382 3616 532 3696; x_wconf 60' lang='lat' dir='ltr'><strong>’Apus</strong></span> <span class='ocrx_word' id='word_1_195' title='bbox 554 3609 754 3697; x_wconf 75' lang='grc' dir='ltr'><strong>Ἐριννύε</strong></span> <span class='ocrx_word' id='word_1_196' title='bbox 780 3603 940 3687; x_wconf 77' lang='grc' dir='ltr'><strong>ποὶτρός</strong></span> <span class='ocrx_word' id='word_1_197' title='bbox 968 3605 990 3686; x_wconf 86' lang='grc' dir='ltr'><em>ἡ</em></span> <span class='ocrx_word' id='word_1_198' title='bbox 1018 3601 1295 3684; x_wconf 61' lang='grc' dir='ltr'><strong>μεγασθενής.</strong></span> 
     </span>
    </p>

    <p class='ocr_par' dir='ltr' id='par_1_7' title="bbox 401 3711 1317 3816">
     <span class='ocr_line' id='line_1_29' title="bbox 401 3711 1317 3816; baseline -0.026 -20"><span class='ocrx_word' id='word_1_199' title='bbox 401 3731 514 3816; x_wconf 78' lang='lat' dir='ltr'><strong>Haec,</strong></span> <span class='ocrx_word' id='word_1_200' title='bbox 541 3749 621 3812; x_wconf 90' lang='lat' dir='ltr'><strong>quae</strong></span> <span class='ocrx_word' id='word_1_201' title='bbox 648 3711 807 3813; x_wconf 79' lang='lat' dir='ltr'><strong>prologum</strong></span> <span class='ocrx_word' id='word_1_202' title='bbox 834 3721 974 3788; x_wconf 83' lang='lat' dir='ltr'><strong>efficiunt</strong></span> <span class='ocrx_word' id='word_1_203' title='bbox 981 3765 994 3805; x_wconf 79' lang='lat'><em>,</em></span> <span class='ocrx_word' id='word_1_204' title='bbox 1022 3737 1083 3780; x_wconf 89' lang='lat' dir='ltr'><strong>non</strong></span> <span class='ocrx_word' id='word_1_205' title='bbox 1110 3716 1209 3778; x_wconf 87' lang='lat' dir='ltr'><strong>solnm</strong></span> <span class='ocrx_word' id='word_1_206' title='bbox 1238 3717 1317 3795; x_wconf 86' lang='lat' dir='ltr'><strong>qua&#39;e</strong></span> 
     </span>
    </p>
   </div>
   <div class='ocr_carea' id='block_1_3' title="bbox 320 3883 568 3904">
    <p class='ocr_par' dir='ltr' id='par_1_8' title="bbox 320 3883 568 3904">
     <span class='ocr_line' id='line_1_30' title="bbox 320 3883 568 3904; baseline -0.024 -2"><span class='ocrx_word' id='word_1_207' title='bbox 320 3883 568 3904; x_wconf 51' lang='grc' dir='ltr'><strong><em>Μ</em></strong></span> 
     </span>
    </p>
   </div>
   <div class='ocr_carea' id='block_1_4' title="bbox 364 3960 807 4040">
    <p class='ocr_par' dir='ltr' id='par_1_9' title="bbox 364 3960 807 4040">
     <span class='ocr_line' id='line_1_31' title="bbox 364 3960 807 4040; baseline -0.023 -14"><span class='ocrx_word' id='word_1_208' title='bbox 364 3974 388 4040; x_wconf 89' lang='grc' dir='ltr'><strong>ι)</strong></span> <span class='ocrx_word' id='word_1_209' title='bbox 421 3965 540 4025; x_wconf 85' lang='lat' dir='ltr'><strong>Wellrer</strong></span> <span class='ocrx_word' id='word_1_210' title='bbox 555 3961 682 4034; x_wconf 84' lang='lat' dir='ltr'><strong>Triclog.</strong></span> <span class='ocrx_word' id='word_1_211' title='bbox 698 3981 729 4034; x_wconf 77' lang='lat' dir='ltr'><strong>p.</strong></span> <span class='ocrx_word' id='word_1_212' title='bbox 744 3960 807 4032; x_wconf 74' lang='lat'><strong>560.</strong></span> 
     </span>
    </p>
   </div>
   <div class='ocr_carea' id='block_1_5' title="bbox 0 0 1376 4804">
    <p class='ocr_par' dir='ltr' id='par_1_10' title="bbox 0 0 1376 4804">
     <span class='ocr_line' id='line_1_32' title="bbox 0 0 1376 4804; baseline 0 0"><span class='ocrx_word' id='word_1_213' title='bbox 0 0 1376 4804; x_wconf 95' lang='lat' dir='ltr'><strong> </strong></span> 
     </span>
    </p>
   </div>
  </div>
 </body>
</html>
