2724 4812
446 589 645 666 *19*-

39 784 83 848 ad
104 785 220 852 ammos
248 787 399 854 lectorum
419 789 539 876 tragico
560 787 694 878 quodam
713 792 821 878 spiritu
841 815 1044 868 commoven-

39 895 100 959 dos
122 905 155 960 et
175 897 401 981 pervertendos
422 921 546 987 semper
561 902 732 968 instructus
755 914 789 970 et
804 918 940 990 paratus.
981 916 1044 980 Alii

38 1007 190 1098 denique,
213 1031 246 1074 v.
268 1027 295 1078 c.
318 1011 500 1080 Andocides
507 1062 521 1102 ,
542 1014 708 1100 Leagorae
727 1015 810 1083 iilius
816 1064 830 1107 ,
857 1019 889 1083 in
911 1023 1060 1104 epistola,

6 1119 8 1124 ’
35 1129 90 1184 aut
110 1123 249 1189 oratione
271 1124 323 1190 illa
343 1119 430 1206 apris
448 1121 530 1192 voirs
550 1120 707 1205 ἑταίρους
717 1130 772 1220 1),
792 1127 860 1196 aliis
883 1132 951 1198 suis
972 1137 1041 1202 usi-

34 1235 94 1296 bus
117 1233 335 1302 Themistoclis
363 1238 523 1306 historiam
553 1241 829 1310 accommodarunt.
870 1242 1044 1331 Propterea
1124 1292 1129 1301 ·

32 1355 137 1410 eutem
155 1345 207 1432 qui
222 1367 343 1441 omnem
364 1349 446 1414 illam
460 1347 679 1417 historiolarum
694 1352 935 1447 multitudinem,
956 1369 1041 1424 tam-

31 1477 126 1541 quam
146 1458 287 1524 inutilem
304 1461 483 1545 congeriem
504 1473 726 1554 aspernantur,
747 1487 807 1532 eos
828 1489 942 1556 magno
963 1475 1040 1555 puto

30 1571 133 1635 teneri
152 1590 265 1636 errore.
301 1571 448 1678 'Tantum
469 1576 579 1664 abest,
607 1586 642 1641 ut
661 1575 769 1644 horum
789 1583 946 1647 sententia
966 1601 1039 1648 am·

28 1684 197 1767 plectenda
218 1687 275 1770 sit,
306 1693 359 1773 nt,
388 1682 448 1748 nisi
469 1686 510 1750 de
530 1685 723 1755 accuratiore
743 1693 1040 1774 autonomastice
1102 1746 1106 1755 .

28 1793 203 1880 cognitione
223 1795 314 1878 plane
334 1793 574 1886 desperaveris,
595 1799 636 1864 nil
658 1801 761 1885 magis
783 1823 862 1884 opus
883 1824 959 1872 esre
981 1807 1036 1872 vi·

27 1907 155 1994 deutur,
184 1925 277 1990 quam
296 1909 379 1969 haec
400 1926 522 1990 quoque
542 1908 627 1969 levia
648 1905 740 1991 quasi
758 1908 915 2000 vestigia,
937 1935 1036 2000 saepe
1113 1917 1117 1924 ’

25 2021 153 2103 quidem
184 2014 277 2080 etiam
309 2013 452 2101 fallacia,
493 2017 615 2085 curiose
643 2037 803 2108 premere,
839 2032 934 2108 atque
963 2046 1037 2095 cum

24 2127 173 2216 reliquis,
194 2131 305 2214 quibus
326 2137 472 2206 vetustas
491 2130 650 2220 pepercit,
679 2149 856 2216 comparare
876 2137 1034 2218 subsidiis.

23 2245 109 2308 Nam
130 2242 199 2325 quis
227 2247 332 2306 tanta'e
352 2251 406 2306 est
431 2240 643 2332 credulitatis,
678 2252 713 2309 et
734 2247 949 2329 perversitatis
968 2258 1034 2317 tant

24 2357 198 2440 dementis,
236 2363 272 2418 ut
304 2371 362 2436 per
395 2371 433 2417 se
464 2353 706 2423 amatorculos
737 2355 807 2422 illas
841 2359 1033 2444 persuadere

22 2458 206 2542 existimet?
248 2466 319 2550 nge
346 2471 450 2531 autent
476 2483 517 2531 ea
538 2465 701 2558 'subsidia,
730 2469 841 2553 quibus
862 2471 939 2534 solis
959 2470 1054 2550 freti

21 2582 74 2646 alii
93 2598 160 2643 rem
181 2573 343 2662 profligare
370 2579 469 2642 conati
495 2577 588 2667 sunt,
618 2582 784 2664 hucusque
811 2579 853 2643 de
878 2580 1031 2704 industria

21 2692 132 2780 omisi,
155 2692 256 2780 quod,
279 2681 373 2774 quum
393 2699 427 2755 et
447 2689 516 2776 ipsa
536 2708 634 2774 prava
654 2708 753 2776 saepe
771 2691 973 2780 praeberent,
993 2703 1032 2760 ea

20 2808 104 2870 falso
125 2811 236 2867 essent
265 2793 438 2891 erpticeta,
465 2801 564 2871 omnis
583 2820 623 2870 ea
643 2819 721 2869 esse
746 2803 941 2870 confusionis
963 2824 1028 2871 au-

20 2927 128 2982 ctores
149 2914 294 2977 intellexi.
316 2921 320 2928 '

105 3024 233 3090 Clinton
254 3025 335 3087 enim
356 3031 390 3088 et
411 3023 463 3109 qui
488 3039 559 3089 eum
580 3021 682 3089 secuti
701 3034 776 3091 snnt
794 3025 915 3109 plurimi
935 3024 1026 3090 'ilre-
1064 3057 1068 3066 =

19 3139 193 3202 mistoclem
225 3133 409 3202 ostracismo
443 3131 578 3218 ejectum
609 3141 718 3221 putant
746 3135 794 3204 01.
824 3137 887 3226 7³7,
915 3140 938 3205 2
971 3134 1026 3202 ἐπὶ

24 3247 264 3332 Πραξιέργου,
292 3267 353 3314 sex
373 3247 462 3314 annis
483 3255 650 3335 postquam
669 3245 882 3330 Athenienses
905 3250 1024 3334 prinoi-

20 3375 93 3448 patu
114 3364 203 3446 potiti
225 3371 353 3446 essent,
375 3373 409 3426 et
429 3364 563 3448 quinqua
577 3361 666 3427 annis
679 3371 753 3426 ante
774 3383 865 3447 quam
886 3362 1023 3444 fugisset

19 3478 60 3541 ad
79 3479 208 3542 Persas.
261 3475 393 3540 iterem
421 3493 459 3537 se
479 3470 594 3539 hahere
612 3483 727 3540 'testem
747 3475 880 3538 afferunt
900 3471 1020 3537 Diodo-

19 3609 87 3652 rum
107 3591 186 3674 (xl,
203 3587 273 3672 54).
315 3587 391 3651 Non
412 3583 538 3650 multum
562 3585 632 3652 inde
652 3585 812 3652 lucramur.
853 3581 921 3647 Fac
941 3603 1020 3650 sana

17 3701 158 3764 voluisse
177 3702 238 3764 hoe
256 3698 440 3788 Diodorum,
461 3699 521 3763 alia
540 3709 683 3764 veterum
703 3694 877 3760 testimonie
895 3697 1019 3762 minime

20 3811 206 3896 repudianda
234 3816 410 3900 scrupulum
435 3810 598 3894 injicerent
617 3828 658 3874 ao
684 3807 908 3876 dubitationem.
949 3807 1018 3870 hli-

59 4053 86 4120 r)
120 4050 247 4107 Sintenis
259 4050 299 4107 ad
315 4047 510 4110 sluti‘uuem.
530 4049 571 4120 φ.

763 4153 786 4216 2
793 4149 815 4197 Ι
