2728 4810
461 536 662 609 ,4,5...

64 736 337 804 err-sacerdotibus
358 736 564 825 compositus,
586 734 748 801 ausimum
768 733 899 824 cecinit,
922 755 983 819 quo
998 737 1059 800 do-

64 853 157 914 lorem
178 867 268 912 suum
289 847 473 936 effunderet,
493 857 528 912 et
549 847 622 931 qaid
644 847 684 910 de
704 846 901 930 Hypsipylae
923 850 1062 915 facinore

65 963 211 1047 sentiret,
240 960 425 1046 declararet3
461 962 552 1032 siml
577 977 675 1044 voro,
700 965 737 1020 nt
762 958 911 1022 transitus
938 964 978 1026 ad
1004 984 1063 1028 se.

64 1082 207 1156 queutem
228 1081 331 1137 actum
351 1075 433 1138 scite
454 1077 625 1157 pararetur,
646 1069 688 1133 ad
710 1087 855 1135 caussam
873 1073 951 1136 tanti
963 1075 1063 1138 inier-

63 1186 157 1272 tunii,
187 1185 227 1252 ad
248 1186 436 1270 Argivorum
462 1183 651 1271 exercitum,
681 1184 734 1267 qui
759 1185 850 1266 impio
870 1185 998 1249 consilio
1024 1189 1064 1252 ad

65 1299 188 1362 'lhebes
208 1299 384 1382 perdendas
406 1298 652 1380 proficisceretur
655 1341 668 1382 7
689 1297 790 1378 potuit
809 1297 975 1380 respicere.

144 1413 190 1502 In¹
210 1411 463 1476 media‘fabulae
491 1418 579 1493 parte
606 1410 721 1492 primas
755 1410 822 1494 agit
848 1411 1066 1494 Amphiaraus,
1107 1462 1109 1474 .

65 1523 117 1605 qui
135 1497 201 1586 una
220 1539 291 1586 cum
310 1522 461 1606 Polynice
488 1523 619 1606 aliisque
636 1522 774 1588 fumasse
794 1525 981 1608 Argivormn
1003 1524 1066 1587 du-

8 1700 14 1717 ,
65 1635 153 1698 cibus
182 1635 214 1698 in
242 1653 340 1698 scena
376 1635 629 1715 conspiciebatur.
691 1637 794 1700 Vates
829 1638 910 1700 enim
916 1681 930 1722 7
973 1656 1066 1720 quum

8 1720 15 1801 ἷ
65 1757 193 1812 coactns
213 1755 330 1810 tantum
343 1745 499 1829 valdeque
518 1767 696 1832 repugnans
715 1750 942 1831 expeditionem
957 1749 1066 1812 susci-

64 1869 170 1946 peret,
206 1879 269 1923 non
298 1857 397 1920 deluit
416 1859 467 1920 ille
489 1859 646 1919 occasioni
666 1858 708 1918 ad
729 1877 783 1943 ea,
805 1861 893 1938 'quae
912 1879 1067 1943 praesago

63 1974 163 2035 animo
184 1976 338 2032 eventura
364 1981 441 2028 esse
458 1964 606 2053 videbat,
631 1965 697 2047 jam
721 1967 958 2050 pronuncianda.
999 1973 1069 2032 lta-

64 2103 127 2165 que
147 2089 276 2146 mortem
298 2077 469 2166 Opheltee,
506 2097 598 2161 quem
619 2099 704 2149 nunc
723 2080 945 2142 Archemorum
966 2081 1069 2144 nomi-
1126 2141 1130 2146 .

63 2196 169 2283 namt,
191 2213 282 2258 omen
293 2193 483 2274 praedicavit
499 2191 681 2280 infaustum,
703 2209 873 2275 omnesque
885 2189 1067 2274 dixitprae·

63 2319 112 2372 ter
139 2325 234 2370 unum
262 2303 432 2369 Adrastum
459 2305 574 2386 proelio
602 2307 755 2388 perituros
786 2323 862 2368 esse
877 2303 911 2386 ¹)
918 2325 927 2388 3
960 2314 1067 2390 atque,

63 2431 99 2483 ut
121 2439 182 2502 quo
200 2417 271 2498 jure
293 2417 337 2478 ita
363 2417 492 2480 sentiret
519 2415 652 2500 penitius
677 2418 916 2501 intelligeretur,
935 2417 1067 2498 Polyni-

67 2533 113 2594 cis
133 2529 262 2592 historia
281 2528 521 2614 demonstravit,
543 2547 635 2611 quam
650 2527 818 2614 iniustum,
839 2528 1069 2610 quam-impium

65 2643 179 2707 bellum
200 2643 395 2726 susciperent
400 2686 424 2728 ,-
447 2640 514 2724 [ci.
536 2641 625 2724 Sept.
647 2642 754 2728 562),
778 2659 869 2725 qnam
892 2639 1067 2704 vehemen-

7 2745 8 2760 ’
65 2764 131 2818 tem
151 2755 290 2836 denique,
307 2761 525 2837 tempestatem
554 2749 639 2818 dirae
666 2754 855 2818 minarentur
875 2752 986 2845 Oedipi
1006 2773 1070 2816 ex·
1149 2834 1151 2840 Ι

7 2859 11 2912 l
66 2863 260 2930 sacrationes
270 2865 317 2945 ²).
358 2864 443 2944 Apte
463 2867 561 2948 potuit
580 2867 761 2929 Archemori
785 2840 896 2928 nocem
915 2863 957 2924 ad
977 2863 1069 2944 signa

65 2977 185 3040 referre
215 2975 309 3039 Jovis
337 2973 485 3056 recreatori,
523 2977 576 3060 qni
604 2975 687 3038 idem
715 2975 873 3040 Thebanis
898 2974 1070 3040 exstiturus

109 3261 138 3326 ι)
170 3259 233 3312 Hoc
250 3257 327 3311 enim
344 3256 437 3328 liquet
454 3274 489 3310 ex
510 3244 588 3327 Sept}
604 3274 631 3309 v.
648 3271 692 3327 49.

269 3350 414 3426 μνημεῖα
434 3341 589 3407 matrem
608 3347 677 3407 τοῖς
697 3345 846 3409 τεκοῦσιν
867 3343 991 3422 δόμους

270 3444 355 3525 πρὸς
369 3443 451 3525 ἄρμ’
458 3443 590 3524 Ἀδράο
597 3463 658 3509 του
662 3443 777 3526 χερσὶν
790 3445 938 3528 ἔστεφον,
956 3441 1069 3526 δάκρυ

266 3547 448 3635 λείβοντες,
471 3579 556 3634 sqq..

110 3653 140 3716 a)
173 3649 236 3718 Sic,
269 3666 343 3720 quae
361 3647 467 3700 dehac
491 3665 522 3700 re
539 3647 571 3700 in
595 3649 672 3720 Sept.
689 3646 838 3718 leguntur,
861 3647 964 3704 melius
988 3657 1069 3719 pote·

171 3744 240 3786 runt
250 3733 387 3804 intelligi.
419 3731 501 3804 Quod
519 3729 555 3786 ad
572 3731 665 3804 ipsam
681 3729 757 3784 hanc
774 3723 890 3787 scenam
907 3733 1013 3788 attinet
1030 3733 1069 3784 ef.

173 3819 391 3872 celeberrimum
413 3817 528 3870 sardam
545 3817 746 3871 Stoselrianam
766 3817 799 3871 in
814 3819 944 3890 Lippert.
960 3815 1070 3886 Dacty-

172 3901 256 3960 lioth.
273 3907 360 3966 scrin
378 3907 431 3958 111.
453 3903 486 3956 P.
503 3905 540 3956 ll.
562 3919 591 3955 n.
609 3903 643 3972 3⁶
665 3909 695 3956 et
711 3905 742 3958 G.
760 3904 796 3974 O.
822 3903 954 3962 Miilleai.
966 3917 1069 3960 monu-

174 3996 272 4042 menta
288 3998 341 4044 ert.
357 3998 426 4049 vett.
444 3990 478 4043 V·
495 3988 530 4041 N.
548 4004 606 4060 3¹9·
