2728 4810
695 547 898 618 ..44-

299 743 378 825 epiei
397 757 463 802 nou
478 755 592 820 eorpus
612 739 733 822 quidem
761 741 792 804 in
812 744 910 814 vitam
929 747 1107 834 revocavit,
1144 748 1228 832 quod
1260 769 1297 812 ne

298 855 366 916 Deo
388 850 513 934 quidem
540 868 726 926 ooneessum
753 865 820 942 est,
855 860 992 922 umbram
1008 861 1123 923 'tamen
1150 861 1298 946 ostendit,

299 966 361 1048 qui
382 983 462 1047 quae
482 964 596 1037 fuerint
615 974 652 1029 et
667 977 742 1050 quot
755 972 890 1052 eorporis
911 981 1016 1053 partes
1037 973 1207 1036 lueulenter
1227 973 1300 1035 lieet
1348 1032 1349 1035 ,

299 1094 500 1160 eognoseere.
549 1079 636 1142 Idem
667 1079 716 1142 vir
744 1079 813 1146 Cel.
846 1084 877 1145 in
905 1083 1015 1146 eadem
1045 1085 1300 1147 commentatione

299 1188 341 1252 de
355 1191 504 1252 'I'hebana
510 1189 665 1274 Aeschyli
675 1192 797 1274 trilogia
808 1195 876 1258 'tulit
887 1193 1046 1280 judicium,
1068 1197 1164 1281 quod,
1185 1198 1216 1260 si
1230 1198 1300 1278 epi-

298 1319 506 1364 eumoarmen
521 1303 668 1390 noveris,
687 1315 800 1384 sponte
812 1307 880 1371 fere
890 1309 1093 1380 subnascitur.
1136 1308 1208 1370 Una
1230 1325 1302 1370 eum

298 1414 430 1496 Septem
448 1414 473 1478 f.
495 1413 598 1480 editae
617 1425 691 1481 sunt
712 1419 836 1482 Nemea
857 1430 895 1485 et
910 1421 1079 1507 Eleusinii,
1104 1429 1185 1502 quae
1204 1419 1302 1482 fabu-

298 1527 395 1589 larum
416 1528 496 1590 trias
521 1547 642 1592 summa
670 1531 838 1593 Thebaidis
868 1536 971 1613 oapitn
1000 1532 1239 1615 comprehendit
1259 1565 1303 1575 -

296 1639 332 1699 ln
353 1637 554 1717 sequentibus
570 1639 759 1720 singularum
778 1642 1005 1720 tragoediarum
1026 1653 1220 1730 argumenta,
1244 1663 1304 1705 eo-

294 1767 424 1831 rumque
459 1751 701 1838 expositionem,
743 1759 890 1834 quantum
924 1749 994 1830 ejas
1026 1760 1152 1834 propter
1186 1755 1304 1836 ingenii

221 1862 225 1871 ‘
294 1863 476 1924 tenuitatem
492 1861 568 1926 'fieri
595 1865 725 1948 poterit,
756 1863 916 1928 Welkero
936 1861 1037 1950 duee,
1067 1863 1176 1946 pausis
1198 1863 1302 1928 lineo-

295 1974 336 2038 iis
355 1974 537 2040 odmnbrao
557 1975 700 2041 eouabor.
983 1965 984 1970 ’

781 2164 817 2238 a

686 2280 898 2344 Nemeo

312 2459 316 2465 '
359 2456 509 2540 'Argivis
534 2454 574 2518 ad
594 2423 768 2540 Nemeam,
804 2471 884 2535 quae
904 2450 995 2514 Aulis
1020 2452 1092 2514 *eret
1119 2451 1190 2514 belli
1210 2451 1303 2515 The-

207 2636 209 2640 ,
294 2557 383 2652 bani,
410 2587 522 2648 aquam
549 2547 766 2651 quaerentibus
795 2565 912 2627 fontem
938 2557 1088 2627 monstrat
1110 2565 1303 2650 Hypsipyle,

293 2675 396 2743 nutrix
407 2677 580 2765 Opheltae,
601 2673 742 2762 Iiyourgi
762 2677 815 2740 ulii
831 2684 866 2738 et
884 2675 1036 2737 Nemeae.
1078 2679 1201 2740 Interea
1212 2697 1302 2762 puer,

296 2809 388 2874 quem
409 2793 440 2853 in
461 2791 599 2874 gramine
622 2781 797 2871 depositum
817 2790 995 2873 reliquerat,
1019 2807 1039 2851 a
1059 2797 1205 2870 serpente
1225 2789 1303 2850 Jevi

295 2921 386 2966 sacro
407 2902 605 2992 interficitur,
637 2903 739 2984 ipsum
766 2921 842 2964 vero
863 2907 1041 2982 serpentem
1055 2898 1175 2964 ¹deinde
1200 2918 1303 2962 neca-

294 3023 366 3078 runt
384 3002 505 3098 Argivi.
525 3021 527 3029 “
551 3015 643 3078 Haeo
674 3011 829 3077 aeoidisse
862 3013 1000 3096 putanda
1033 3019 1106 3075 sunt
1133 3018 1304 3090 antequam

297 3113 533 3190 demittebantur
554 3128 673 3190 aulaea.

372 3229 468 3301 'initio
480 3239 573 3320 igitur
586 3238 766 3322 tragoediae
781 3240 904 3302 nuntius
915 3236 956 3300 ad
971 3234 1153 3319 Lycurgum
1159 3277 1172 3316 ,
1192 3251 1301 3318 regern

296 3357 329 3412 et
347 3351 447 3414 sovis-
464 3330 660 3414 saoerdotem
679 3351 734 3438 ¹),
757 3367 925 3434 properans
944 3350 976 3410 in
996 3363 1124 3410 scenam
1138 3347 1302 3430 procurrit,

296 3471 332 3522 ut
347 3481 426 3544 quae
445 3463 635 3527 accidissent
658 3473 822 3527 enarraret
873 3463 1011 3526 Secutus
1032 3468 1084 3524 est
1103 3458 1187 3520 haud
1207 3457 1301 3522 dubie

296 3586 439 3634 commus
456 3583 489 3636 et
511 3575 624 3638 doloris
645 3577 757 3656 plenus
778 3581 904 3656 propter
924 3574 1019 3636 filium
1036 3571 1190 3634 maeontis
1205 3569 1302 3634 deute

294 3674 513 3771 ditaeeretnm,
542 3696 575 3748 et
595 3687 706 3751 furoris
726 3695 852 3768 propter
871 3687 1070 3769 Hypsipylae
1090 3681 1226 3744 hesbiae
1248 3683 1301 3744 in-

295 3796 418 3859 curiam.
469 3798 554 3872 Tum
579 3800 693 3864 chorus
720 3819 762 3864 ex
789 3795 928 3884 ancillis,
962 3805 1037 3882 aut,
1069 3792 1152 3878 quod
1175 3795 1300 3878 sualim,

333 4033 360 4098 ι)
394 4031 512 4084 Welker
528 4031 549 4082 i.
565 4031 586 4085 1.
603 4048 631 4102 p.
649 4047 690 4100 74.
