2724 4812
295 676 334 742 ad
351 681 466 738 certam
482 678 515 732 et
534 668 732 735 indubitatem
752 671 846 734 fidem
868 673 1126 736 etauctoritatem
1146 689 1301 734 revocare

294 787 389 867 veiit,
410 800 550 845 necnon
572 782 845 866 ad01ympiadum
866 802 963 848 anuos
986 784 1085 846 omnia
1106 783 1302 864 expendere,
1338 779 1339 786 ’

293 895 450 980 negotium
470 892 562 956 adeat
583 895 686 958 multis
708 895 870 976 obseptum
890 895 1121 958 difficultatibus
1142 893 1305 977 taediique

294 1007 425 1090 plenum.
466 1006 539 1070 Nec
559 1005 591 1068 id
611 1007 733 1071 mirum:
770 1009 854 1070 vitae
877 1006 957 1067 euim
978 1015 1104 1090 auctor,
1131 1014 1166 1077 ut
1187 1006 1217 1066 in
1238 1006 1307 1068 hoc·

294 1119 485 1203 consistam,
517 1125 635 1180 tanturn
663 1119 754 1180 abest
780 1127 816 1180 ut
842 1116 1013 1180 secundum
1035 1116 1173 1180 ordinem
1198 1135 1308 1180 rerum

296 1238 331 1294 et
363 1247 477 1292 nexum
503 1227 636 1289 libeiimn
672 1246 763 1290 suum
799 1227 1022 1312 composuerit,
1064 1237 1100 1290 ut
1136 1236 1307 1290 centonem

296 1338 527 1404 narratiunculis
554 1337 625 1400 hinc
652 1337 734 1400 illinc
762 1341 901 1424 repetitis
929 1341 1191 1424 consarcinatum,
1223 1346 1307 1398 tur-s
1338 1425 1339 1428 Ἴ

296 1453 513 1533 bulentamque
558 1469 658 1512 rerum
705 1443 855 1516 intense
906 1452 1106 1537 pugnantium
1151 1451 1306 1531 praebeat
1338 1433 1339 1438 ἵ

231 1635 233 1645 Α
297 1563 492 1644 farraginem.
534 1559 601 1625 Sed
624 1579 717 1642 quum
737 1560 833 1622 vitam
854 1555 947 1624 istam
968 1562 1152 1648 emendare,
1174 1571 1207 1625 et
1229 1562 1307 1642 qui-

233 1649 234 1656 *
297 1676 357 1738 bus
373 1673 497 1755 squalet
515 1671 600 1734 vitiis
615 1689 804 1756 perpurgare
821 1691 923 1758 neque
938 1672 1098 1736 consilium
1117 1659 1178 1756 sit,
1199 1690 1310 1752 neque

273 1785 359 1848 .hoo
386 1793 421 1850 ut
442 1802 554 1846 munus
576 1783 608 1846 in
634 1782 780 1844 humeros
808 1792 933 1847 nostros
959 1763 1165 1862 suscipiamus
1193 1783 1311 1846 virium

299 1898 382 1960 snat
417 1895 627 1981 maeonius,
661 1895 769 1960 reuco
798 1878 849 1959 u'o
876 1893 1061 1978 biographo,
1095 1892 1136 1955 au
1161 1893 1194 1958 u
1221 1894 1312 1976 quon

300 2009 388 2074 uobis
411 2016 462 2070 est
482 2007 689 2088 propositum,
712 2006 838 2091 propius
855 2003 921 2084 jam
942 2005 1137 2068 accedamus.

385 2116 577 2201 'l'emporis,«
590 2136 651 2198 quo
668 2117 798 2196 Septem
819 2123 926 2176 contra
940 2115 1067 2177 Thebas
1089 2117 1195 2179 fabula
1215 2111 1309 2180 com'-

301 2229 398 2293 missc
417 2229 477 2315 sit,
499 2246 601 2310 neque
621 2227 706 2289 vitae
728 2225 859 2306 scriptor
877 2225 1065 2292 mentionem
1086 2225 1210 2314 injecit,
1244 2247 1310 2292 nec

301 2340 403 2428 aliud,
439 2339 472 2404 in
499 2357 560 2421 quo
587 2345 754 2420 possemus
782 2337 1004 2425 acquiescere,
1045 2339 1233 2422 antiquitatis
1266 2339 1311 2402 do

302 2454 425 2517 haere
452 2445 659 2515 testimonium
685 2449 727 2516 ad
753 2469 811 2514 uos
839 2450 990 2532 peruenit.
1031 2452 1084 2514 Ne
1104 2460 1209 2516 tamen
1236 2462 1312 2533 post

303 2571 422 2625 tantum
454 2561 607 2624 literanun
633 2562 826 2646 naufragium
852 2561 933 2626 omui
956 2560 1136 2630 adminiculo
1167 2564 1311 2630 destituti

303 2671 418 2734 misere
451 2669 717 2758 numeramur,
756 2651 911 2739 sennua
939 2670 981 2737 au
1005 2673 1247 2758 munuum
1270 2677 1310 2756 1)

413 2877 422 2912 i

347 2979 373 3046 ι)
407 2977 483 3052 nan.
504 2961 629 3046 1055.oi
655 2961 785 3042 Πέρσαι
814 2963 979 3043 πρότερον
1005 2960 1237 3043 δεδιδαγμένοι
1259 2955 1310 3027 ed·
1338 2913 1339 2940 ¹

410 3073 480 3138 σιν,
504 3057 576 3128 εἶτα
598 3063 631 3127 oi
651 3061 763 3127 Ἕπτα
784 3063 837 3150 ep
861 3065 993 3144 Θήβας·
1013 3063 1076 3150 νῦν
1098 3061 1135 3127 δὲ
1153 3060 1192 3126 τὸ
1215 3061 1310 3129 doce·

409 3180 472 3241 ρον
500 3165 663 3244 πρότερον
678 3158 766 3228 elne.
820 3181 897 3232 Nam
919 3181 1024 3233 Persae
1041 3179 1101 3232 fab.
1120 3179 1196 3250 apud
1219 3182 1310 3234 comi-

380 3275 387 3286 ·
408 3279 476 3316 oum
498 3263 659 3330 antecedit,
682 3261 868 3334 subsequitur
885 3265 1002 3334 Septem
1026 3271 1052 3318 c.
1071 3264 1125 3316 Th.
1163 3265 1218 3318 Sed
1235 3265 1310 3319 illud

405 3346 517 3418 ipsum,
535 3348 613 3419 quod
629 3347 783 3402 scholiasta
800 3347 914 3402 disertio
931 3357 1034 3419 poetae
1050 3349 1146 3404 verbis
1157 3339 1309 3406 'contradi-

408 3449 473 3487 cere
486 3433 588 3500 audet‚
606 3433 742 3488 subsidiis
755 3451 821 3488 eum
833 3451 917 3489 usum
936 3451 1013 3502 esse,
1032 3435 1136 3506 quibus
1148 3434 1187 3488 sit
1199 3437 1309 3505 optime

406 3515 478 3567 fides
494 3518 642 3584 habenda,
665 3517 736 3570 sotio
754 3518 897 3586 ostendit3
921 3518 965 3586 id,
989 3519 1066 3589 quod
1083 3537 1117 3572 ex
1134 3521 1225 3571 altero
1242 3521 1307 3574 loco

409 3598 537 3663 eiusdem
553 3601 644 3654 schol.
660 3601 766 3654 clarius
783 3604 894 3670 elucet;
912 3603 1125 3657 adversentur
1140 3611 1204 3671 1⁰58
1222 3603 1307 3658 habet

409 3697 529 3761 haecce:
559 3687 637 3752 τοὺς
670 3687 831 3772 Πέρσας)
865 3687 1040 3766 Αἰσχύλου
1072 3691 1193 3770 δρᾶμα
1217 3688 1307 3754 οὕτω

413 3781 633 3861 καλούμενον·
660 3787 700 3852 τὸ
728 3787 764 3854 δὲ
791 3783 885 3855 εἶτα
905 3787 966 3852 καὶ
993 3787 1032 3853 τὸ
1051 3789 1158 3869 μετὰ
1182 3796 1305 3856 τοῦτο

415 3881 458 3950 οὐ
486 3883 644 3951 θέλουσιν
668 3886 801 3956 ἀκούειν
822 3891 866 3954 εἰς
887 3889 949 3955 τὰς
970 3892 1201 3966 διδασκαλίας,
