2728 4810
601 479 958 612 ...ΒΘ-α,

311 740 429 822 copiam
454 735 644 822 congessit,
668 703 728 820 ce,
747 735 902 829 quaein
930 741 1037 859 nostre
1063 731 1125 798 fab
1153 733 1315 816 leguntur,

311 851 492 914 adscribam.

393 962 530 1026 Primum
549 927 612 1026 huc
630 947 796 1027 reicienda
808 957 850 1023 V.
860 957 900 1025 Β.
921 964 1010 1039 putat
1029 958 1081 1028 illa
1101 958 1210 1044 verbe,
1234 909 1320 1040 eune

310 1082 342 1144 in
360 1065 441 1160 ωἰῖα
480 1079 647 1161 desinunt3
691 1079 775 1148 hunc
816 1077 896 1144 eninr
929 1075 1049 1144 exitum
1089 1076 1322 1160 frequentissi-

311 1214 394 1259 mum
438 1192 512 1256 dicit
551 1192 583 1258 ic
616 1189 817 1271 Empedoclis
860 1189 1025 1260 carminum
1063 1189 1217 1277 reliquiis..
1285 1189 1326 1250 In

233 1280 238 1294 ¹
313 1305 460 1370 Thebana
485 1311 612 1372 exstant
636 1301 735 1366 haec:
770 1297 942 1386 πύργωμα
969 1321 1002 1366 v.
1029 1299 1092 1382 30,
1122 1297 1205 1382 233,
1233 1299 1326 1378 4513

313 1413 463 1496 πύλωμιι
481 1435 514 1480 v.
535 1413 611 1502 390,
627 1414 711 1496 Ι7,01;
738 1413 896 1496 talparum
915 1436 948 1482 ιι.
970 1413 1069 1496 1013,
1098 1406 1264 1488 πέπλωμα
1286 1429 1329 1472 v.

313 1529 414 1610 100οι
442 1524 603 1604 χμίτωμα
622 1547 654 1590 ιι.
674 1523 755 1604 3573
782 1519 922 1607 ῥίζωμα
941 1545 974 1589 ιι.
995 1525 1077 1606 305;
1106 1518 1263 1600 τρίχωμα
1289 1540 1327 1584 v.

312 1641 391 1720 6483
415 1634 604 1726 misticorum
623 1655 656 1700 v.
676 1635 749 1702 872.
770 1667 812 1686 -.
853 1635 976 1704 Deinde
995 1635 1148 1710 Βρεῦμαι
1169 1635 1220 1714 (v.
1243 1632 1325 1713 78),

312 1747 394 1832 quad
412 1748 612 1818 contrahendi
630 1765 733 1832 genus
748 1744 920 1828 Sicnlcrum
938 1743 1091 1824 preprium
1098 1787 1111 1829 ,
1134 1751 1167 1818 et
1180 1739 1325 1828 εὐεστὼ,

312 1879 404 1946 quam
424 1879 538 1932 vocem
556 1859 751 1943 frequentem
773 1856 847 1924 dicit
868 1833 1096 1924 inDoricorum
1116 1854 1328 1939 philosopho-

312 1992 379 2036 rum
397 1973 541 2062 reliquiis.
581 1971 643 2039 His
663 1969 800 2038 fortasse
814 1965 913 2048 addas
930 1965 1070 2038 uocetivi
1083 1965 1213 2036 formam
1226 1965 1332 2043 γυνή

312 2107 343 2147 v.
365 2083 451 2169 207,
477 2082 538 2148 nisi
563 2101 630 2152 vox
656 2089 801 2169 corrupta
825 2086 885 2144 est.
907 2106 951 2122 -2
991 2076 1155 2146 Postrema
1184 2075 1329 2146 studium

312 2193 585 2262 animadvertimus
606 2194 724 2274 similes
751 2193 784 2257 in
804 2188 1023 2258 vocabulorum
1052 2187 1187 2255 exordiis
1217 2207 1328 2269 quae-

316 2306 403 2370 rendi
430 2305 556 2391 literas,
592 2303 674 2388 quad
701 2322 778 2386 prae
806 2299 921 2370 ceteris
956 2299 1133 2378 Siculorum
1161 2302 1329 2380 proprium

314 2427 389 2484 erat.
411 2440 442 2483 v.
463 2437 491 2498 c.
513 2419 644 2502 Septem
663 2437 696 2484 v.
716 2415 768 2482 20.

327 2605 330 2610 .
464 2527 604 2596 ἅπαντα
625 2528 846 2597 πανδοκοῦσα
867 2521 1020 2596 παιδείας
1045 2520 1152 2588 ὄτλον.

392 2639 487 2718 ,Quae
510 2642 647 2723 quidem,
661 2663 735 2712 num
763 2640 864 2706 omnia
886 2636 1047 2708 verc'sint
1068 2635 1193 2719 Sicula,
1225 2643 1328 2720 atque

314 2769 356 2820 cx
376 2750 485 2834 itinere
504 2753 555 2822 ille.
576 2753 737 2846 proiecta,
767 2753 936 2822 acutianum
954 2747 1071 2831 judicio
1093 2749 1329 2816 decernendum

312 2862 459 2948 relinquo.
519 2863 606 2934 Nam
632 2884 674 2928 ne
708 2863 830 2956 dicam,
866 2883 959 2956 quam
990 2861 1084 2930 facile
1110 2862 1252 2947 accidet,
1292 2873 1331 2924 ut

313 2973 487 3056 reperiundi
510 2972 683 3066 ‚cupiditate
710 2977 823 3054 bisin
849 2959 957 3050 rebus
974 2997 999 3052 a
1014 2993 1090 3043 vem
1118 2973 1332 3057 abducamur,

315 3105 396 3170 quae
416 3095 658 3166 temperamenta
678 3088 762 3170 apud
778 3090 916 3172 tragicos
935 3098 1045 3177 poetas
1065 3083 1164 3165 patrio
1185 3090 1330 3152 sermoni

314 3206 348 3260 et
377 3187 461 3264 unde
488 3203 680 3268 accesserint
705 3197 771 3278 jam
804 3208 968 3280 propterea
997 3197 1081 3282 dictu
1109 3193 1329 3259 difficillimum

315 3317 386 3396 est,
419 3307 504 3406 quad
522 3309 696 3377 Atticorum
725 3299 874 3378 dielectus
895 3310 1050 3394 Aeschyli
1071 3308 1197 3392 quidem
1216 3314 1329 3372 aetate

316 3414 433 3512 quasi
426 3441 459 3484 ιιι
478 3422 671 3492 incunabulis
686 3423 808 3512 haesit,
831 3424 872 3490 et
886 3424 982 3492 multa
993 3425 1074 3492 sine
1093 3421 1184 3484 dubio
1202 3420 1327 3506 habuit,

210 3541 212 3546 '
316 3548 419 3615 quae,
440 3553 533 3614 quum
553 3533 637 3618 apud
656 3542 781 3598 ceteros
801 3527 1051 3625 evanescerent,
1071 3554 1091 3599 e
1113 3530 1239 3616 tragicis
1265 3550 1324 3594 re-

315 3641 497 3722 timebantur.
520 3682 562 3695 .-

351 3753 519 3816 Verum
551 3775 613 3819 non
641 3759 794 3822 sermonis
806 3765 944 3822 tantum
975 3775 1090 3820 neruos
1119 3756 1227 3820 Sicula
1260 3759 1326 3820 ists

317 3865 552 3930 commoratione
573 3873 785 3935 corroboratos
814 3888 889 3932 esse
910 3877 1004 3955 puta,
1033 3860 1093 3931 sed
1115 3869 1208 3931 etiam
1230 3885 1325 3930 eom-

316 3979 476 4060 positionis
496 3995 548 4040 ars
569 3987 602 4040 et
621 3971 812 4044 tractationis
833 3983 960 4045 mraltum
980 3981 1051 4045 inde
1073 3981 1247 4062 proiecisse
1269 3983 1324 4042 vi-
