<?xml version="1.0" encoding="UTF-8"?>
<!DOCTYPE html PUBLIC "-//W3C//DTD XHTML 1.0 Transitional//EN"
    "http://www.w3.org/TR/xhtml1/DTD/xhtml1-transitional.dtd">
<html xmlns="http://www.w3.org/1999/xhtml" xml:lang="en" lang="en">
 <head>
  <title>
</title>
<meta http-equiv="Content-Type" content="text/html;charset=utf-8" />
  <meta name='ocr-system' content='tesseract 3.04.00' />
  <meta name='ocr-capabilities' content='ocr_page ocr_carea ocr_par ocr_line ocrx_word'/>
</head>
<body>
  <div class='ocr_page' id='page_1' title='image "./deaeschylisepte00mlgoog_0078.png"; bbox 0 0 2728 4810; ppageno 0'>
   <div class='ocr_carea' id='block_1_1' title="bbox 449 529 647 642">
    <p class='ocr_par' dir='ltr' id='par_1_1' title="bbox 449 529 647 642">
     <span class='ocr_line' id='line_1_1' title="bbox 449 529 647 642; baseline -0.005 -21"><span class='ocrx_word' id='word_1_1' title='bbox 449 607 499 621; x_wconf 87' lang='lat'><strong>..</strong></span> <span class='ocrx_word' id='word_1_2' title='bbox 523 529 647 642; x_wconf 47' lang='lat'>75⁸..</span> 
     </span>
    </p>
   </div>
   <div class='ocr_carea' id='block_1_2' title="bbox 6 763 1189 3316">
    <p class='ocr_par' dir='ltr' id='par_1_2' title="bbox 46 763 1047 854">
     <span class='ocr_line' id='line_1_2' title="bbox 46 763 1047 854; baseline 0.003 -22"><span class='ocrx_word' id='word_1_3' title='bbox 46 769 165 832; x_wconf 88' lang='lat' dir='ltr'><strong>Horum</strong></span> <span class='ocrx_word' id='word_1_4' title='bbox 186 765 309 834; x_wconf 87' lang='lat' dir='ltr'><strong>tertium</strong></span> <span class='ocrx_word' id='word_1_5' title='bbox 330 763 441 833; x_wconf 84' lang='lat' dir='ltr'><strong>Martis</strong></span> <span class='ocrx_word' id='word_1_6' title='bbox 463 785 537 832; x_wconf 92' lang='lat' dir='ltr'><strong>arae</strong></span> <span class='ocrx_word' id='word_1_7' title='bbox 556 765 737 854; x_wconf 78' lang='lat' dir='ltr'>assignavi,</span> <span class='ocrx_word' id='word_1_8' title='bbox 758 767 900 852; x_wconf 87' lang='lat' dir='ltr'><strong>quamvis</strong></span> <span class='ocrx_word' id='word_1_9' title='bbox 921 768 1047 836; x_wconf 77' lang='lat' dir='ltr'>disertis</span> 
     </span>
    </p>

    <p class='ocr_par' dir='ltr' id='par_1_3' title="bbox 6 867 1048 966">
     <span class='ocr_line' id='line_1_3' title="bbox 45 877 1048 966; baseline 0.003 -21.888"><span class='ocrx_word' id='word_1_10' title='bbox 45 882 152 945; x_wconf 89' lang='lat' dir='ltr'><strong>verbis</strong></span> <span class='ocrx_word' id='word_1_11' title='bbox 174 899 236 946; x_wconf 88' lang='lat' dir='ltr'><strong>nou</strong></span> <span class='ocrx_word' id='word_1_12' title='bbox 256 880 417 964; x_wconf 84' lang='lat' dir='ltr'><strong>nominati3</strong></span> <span class='ocrx_word' id='word_1_13' title='bbox 440 880 491 946; x_wconf 85' lang='lat' dir='ltr'><strong>ille</strong></span> <span class='ocrx_word' id='word_1_14' title='bbox 515 886 620 944; x_wconf 87' lang='lat' dir='ltr'><strong>tamen</strong></span> <span class='ocrx_word' id='word_1_15' title='bbox 641 885 711 966; x_wconf 89' lang='lat' dir='ltr'><strong>est,</strong></span> <span class='ocrx_word' id='word_1_16' title='bbox 736 877 788 965; x_wconf 74' lang='lat' dir='ltr'><strong>qui</strong></span> <span class='ocrx_word' id='word_1_17' title='bbox 811 879 912 965; x_wconf 74' lang='lat' dir='ltr'><strong>loyor</strong></span> <span class='ocrx_word' id='word_1_18' title='bbox 934 879 969 944; x_wconf 75' lang='grc' dir='ltr'><strong>ἐν</strong></span> <span class='ocrx_word' id='word_1_19' title='bbox 987 879 1048 958; x_wconf 74' lang='grc' dir='ltr'><strong>κύ·</strong></span> 
     </span>
    </p>

    <p class='ocr_par' dir='ltr' id='par_1_4' title="bbox 6 991 1189 1140">
     <span class='ocr_line' id='line_1_4' title="bbox 6 991 1189 1140; baseline 0.003 -84"><span class='ocrx_word' id='word_1_20' title='bbox 6 1031 10 1140; x_wconf 76' lang='grc' dir='ltr'>Ι</span> <span class='ocrx_word' id='word_1_21' title='bbox 45 992 117 1073; x_wconf 75' lang='grc' dir='ltr'><strong>βοις</strong></span> <span class='ocrx_word' id='word_1_22' title='bbox 136 991 242 1072; x_wconf 72' lang='grc' dir='ltr'><strong><em>κρίνει</em></strong></span> <span class='ocrx_word' id='word_1_23' title='bbox 262 999 334 1071; x_wconf 85' lang='lat' dir='ltr'><strong>(vs.</strong></span> <span class='ocrx_word' id='word_1_24' title='bbox 357 991 453 1068; x_wconf 78' lang='grc'><strong>451).</strong></span> <span class='ocrx_word' id='word_1_25' title='bbox 495 991 649 1082; x_wconf 87' lang='lat' dir='ltr'><strong>Aooedit,</strong></span> <span class='ocrx_word' id='word_1_26' title='bbox 681 992 765 1078; x_wconf 83' lang='lat' dir='ltr'><strong>quod</strong></span> <span class='ocrx_word' id='word_1_27' title='bbox 785 994 833 1059; x_wconf 86' lang='lat' dir='ltr'><strong>sio</strong></span> <span class='ocrx_word' id='word_1_28' title='bbox 859 993 982 1058; x_wconf 91' lang='lat' dir='ltr'><strong>demum</strong></span> <span class='ocrx_word' id='word_1_29' title='bbox 1008 993 1050 1060; x_wconf 81' lang='lat' dir='ltr'><strong>ad</strong></span> <span class='ocrx_word' id='word_1_30' title='bbox 1179 1006 1189 1027; x_wconf 88' lang='lat'><strong><em>¹</em></strong></span> 
     </span>
    </p>

    <p class='ocr_par' dir='ltr' id='par_1_5' title="bbox 6 1101 1049 1190">
     <span class='ocr_line' id='line_1_5' title="bbox 6 1101 1049 1190; baseline 0.002 -20"><span class='ocrx_word' id='word_1_31' title='bbox 6 1163 8 1176; x_wconf 82' lang='grc'><strong>,</strong></span> <span class='ocrx_word' id='word_1_32' title='bbox 45 1107 148 1170; x_wconf 89' lang='lat' dir='ltr'><strong>omnia</strong></span> <span class='ocrx_word' id='word_1_33' title='bbox 164 1105 271 1170; x_wconf 76' lang='lat' dir='ltr'><strong>altana</strong></span> <span class='ocrx_word' id='word_1_34' title='bbox 283 1103 409 1170; x_wconf 76' lang='lat' dir='ltr'><strong>canitur.</strong></span> <span class='ocrx_word' id='word_1_35' title='bbox 451 1101 599 1170; x_wconf 82' lang='lat' dir='ltr'><strong>Ceterum</strong></span> <span class='ocrx_word' id='word_1_36' title='bbox 616 1105 844 1172; x_wconf 77' lang='lat' dir='ltr'><strong>animadvertas</strong></span> <span class='ocrx_word' id='word_1_37' title='bbox 866 1106 927 1172; x_wconf 86' lang='lat' dir='ltr'><strong>deo</strong></span> <span class='ocrx_word' id='word_1_38' title='bbox 947 1105 1049 1190; x_wconf 88' lang='lat' dir='ltr'><strong>deam,</strong></span> 
     </span>
    </p>

    <p class='ocr_par' dir='ltr' id='par_1_6' title="bbox 6 1183 1051 1315">
     <span class='ocr_line' id='line_1_6' title="bbox 6 1183 1051 1315; baseline 0.001 -34"><span class='ocrx_word' id='word_1_39' title='bbox 6 1183 10 1290; x_wconf 76' lang='lat' dir='ltr'><strong>i</strong></span> <span class='ocrx_word' id='word_1_40' title='bbox 45 1219 126 1281; x_wconf 90' lang='lat' dir='ltr'><strong>deae</strong></span> <span class='ocrx_word' id='word_1_41' title='bbox 155 1217 247 1282; x_wconf 90' lang='lat' dir='ltr'><strong>deum</strong></span> <span class='ocrx_word' id='word_1_42' title='bbox 275 1219 307 1282; x_wconf 89' lang='lat' dir='ltr'><strong>in</strong></span> <span class='ocrx_word' id='word_1_43' title='bbox 334 1219 453 1283; x_wconf 86' lang='lat' dir='ltr'><strong>antistr.</strong></span> <span class='ocrx_word' id='word_1_44' title='bbox 481 1215 680 1300; x_wconf 87' lang='lat' dir='ltr'><strong>respondere.</strong></span> <span class='ocrx_word' id='word_1_45' title='bbox 733 1219 847 1284; x_wconf 88' lang='lat' dir='ltr'><strong>Venus</strong></span> <span class='ocrx_word' id='word_1_46' title='bbox 883 1226 988 1285; x_wconf 88' lang='lat' dir='ltr'><strong>autem</strong></span> <span class='ocrx_word' id='word_1_47' title='bbox 1009 1225 1051 1315; x_wconf 66' lang='lat' dir='ltr'><strong>¹et</strong></span> 
     </span>
    </p>

    <p class='ocr_par' dir='ltr' id='par_1_7' title="bbox 6 1327 1123 2992">
     <span class='ocr_line' id='line_1_7' title="bbox 6 1327 1050 1419; baseline 0 -25"><span class='ocrx_word' id='word_1_48' title='bbox 6 1349 8 1394; x_wconf 74' lang='grc' dir='ltr'><strong>,τ</strong></span> <span class='ocrx_word' id='word_1_49' title='bbox 45 1331 213 1413; x_wconf 84' lang='lat' dir='ltr'><strong>Neptunus</strong></span> <span class='ocrx_word' id='word_1_50' title='bbox 234 1329 317 1414; x_wconf 90' lang='lat' dir='ltr'><strong>quod</strong></span> <span class='ocrx_word' id='word_1_51' title='bbox 336 1348 399 1394; x_wconf 90' lang='lat' dir='ltr'><strong>non</strong></span> <span class='ocrx_word' id='word_1_52' title='bbox 418 1327 622 1419; x_wconf 71' lang='lat' dir='ltr'><strong>invocantur,</strong></span> <span class='ocrx_word' id='word_1_53' title='bbox 643 1351 683 1397; x_wconf 91' lang='lat' dir='ltr'><strong>eo</strong></span> <span class='ocrx_word' id='word_1_54' title='bbox 703 1331 860 1398; x_wconf 85' lang='lat' dir='ltr'><strong>sententia</strong></span> <span class='ocrx_word' id='word_1_55' title='bbox 879 1338 987 1396; x_wconf 89' lang='lat' dir='ltr'><strong>nostra</strong></span> <span class='ocrx_word' id='word_1_56' title='bbox 1009 1328 1050 1395; x_wconf 91' lang='lat' dir='ltr'><strong>de</strong></span> 
     </span>
     <span class='ocr_line' id='line_1_8' title="bbox 45 1438 1052 1533; baseline 0 -28"><span class='ocrx_word' id='word_1_57' title='bbox 45 1444 160 1506; x_wconf 75' lang='lat' dir='ltr'><strong>statuis</strong></span> <span class='ocrx_word' id='word_1_58' title='bbox 183 1438 388 1533; x_wconf 32' lang='lat' dir='ltr'><strong>&#39;conjunctim</strong></span> <span class='ocrx_word' id='word_1_59' title='bbox 426 1440 540 1526; x_wconf 78' lang='lat' dir='ltr'><strong>positia</strong></span> <span class='ocrx_word' id='word_1_60' title='bbox 580 1442 802 1527; x_wconf 81' lang='lat' dir='ltr'><strong>quodammodo</strong></span> <span class='ocrx_word' id='word_1_61' title='bbox 848 1443 1052 1510; x_wconf 87' lang='lat' dir='ltr'><strong>oonlinnatnr.</strong></span> 
     </span>
     <span class='ocr_line' id='line_1_9' title="bbox 46 1551 1052 1646; baseline 0.005 -30"><span class='ocrx_word' id='word_1_62' title='bbox 46 1552 171 1636; x_wconf 83' lang='lat' dir='ltr'><strong>Singuli</strong></span> <span class='ocrx_word' id='word_1_63' title='bbox 191 1551 272 1616; x_wconf 91' lang='lat' dir='ltr'><strong>enim</strong></span> <span class='ocrx_word' id='word_1_64' title='bbox 294 1552 336 1616; x_wconf 89' lang='lat' dir='ltr'><strong>dii</strong></span> <span class='ocrx_word' id='word_1_65' title='bbox 356 1553 497 1639; x_wconf 78' lang='lat' dir='ltr'><strong>singulas</strong></span> <span class='ocrx_word' id='word_1_66' title='bbox 522 1573 594 1621; x_wconf 87' lang='lat' dir='ltr'><strong>aras</strong></span> <span class='ocrx_word' id='word_1_67' title='bbox 614 1557 644 1620; x_wconf 90' lang='lat' dir='ltr'><strong>si</strong></span> <span class='ocrx_word' id='word_1_68' title='bbox 663 1556 863 1646; x_wconf 77' lang='lat' dir='ltr'><strong>habuissent,</strong></span> <span class='ocrx_word' id='word_1_69' title='bbox 890 1556 935 1620; x_wconf 89' lang='lat' dir='ltr'><strong>ita</strong></span> <span class='ocrx_word' id='word_1_70' title='bbox 954 1564 990 1620; x_wconf 92' lang='lat' dir='ltr'><strong>nt</strong></span> <span class='ocrx_word' id='word_1_71' title='bbox 1009 1574 1052 1621; x_wconf 85' lang='lat' dir='ltr'><strong>ex</strong></span> 
     </span>
     <span class='ocr_line' id='line_1_10' title="bbox 44 1664 1119 1758; baseline 0.002 -28"><span class='ocrx_word' id='word_1_72' title='bbox 44 1666 136 1730; x_wconf 86' lang='lat' dir='ltr'>XIV.</span> <span class='ocrx_word' id='word_1_73' title='bbox 148 1664 303 1728; x_wconf 85' lang='lat' dir='ltr'><strong>eboreutis</strong></span> <span class='ocrx_word' id='word_1_74' title='bbox 319 1665 381 1729; x_wconf 92' lang='lat' dir='ltr'><strong>bini</strong></span> <span class='ocrx_word' id='word_1_75' title='bbox 398 1665 597 1732; x_wconf 81' lang='lat' dir='ltr'><strong>obsedissent</strong></span> <span class='ocrx_word' id='word_1_76' title='bbox 619 1687 725 1758; x_wconf 87' lang='lat' dir='ltr'><strong>unam,</strong></span> <span class='ocrx_word' id='word_1_77' title='bbox 745 1689 819 1753; x_wconf 91' lang='lat' dir='ltr'><strong>pars</strong></span> <span class='ocrx_word' id='word_1_78' title='bbox 840 1668 926 1734; x_wconf 87' lang='lat' dir='ltr'><strong>ebori</strong></span> <span class='ocrx_word' id='word_1_79' title='bbox 946 1686 984 1733; x_wconf 88' lang='lat' dir='ltr'><strong>os</strong></span> <span class='ocrx_word' id='word_1_80' title='bbox 998 1675 1052 1732; x_wconf 89' lang='lat' dir='ltr'><strong>ta·</strong></span> <span class='ocrx_word' id='word_1_81' title='bbox 1115 1714 1119 1722; x_wconf 87' lang='grc'>-</span> 
     </span>
     <span class='ocr_line' id='line_1_11' title="bbox 43 1776 1051 1861; baseline 0.006 -21"><span class='ocrx_word' id='word_1_82' title='bbox 43 1784 140 1842; x_wconf 83' lang='lat' dir='ltr'><strong>eitrnu</strong></span> <span class='ocrx_word' id='word_1_83' title='bbox 163 1777 313 1860; x_wconf 89' lang='lat' dir='ltr'><strong>praebere</strong></span> <span class='ocrx_word' id='word_1_84' title='bbox 343 1776 493 1860; x_wconf 83' lang='lat' dir='ltr'><strong>debebat3</strong></span> <span class='ocrx_word' id='word_1_85' title='bbox 526 1779 609 1861; x_wconf 87' lang='lat' dir='ltr'><strong>qnod</strong></span> <span class='ocrx_word' id='word_1_86' title='bbox 638 1779 710 1860; x_wconf 89' lang='lat' dir='ltr'><strong>jure</strong></span> <span class='ocrx_word' id='word_1_87' title='bbox 743 1781 984 1846; x_wconf 85' lang='lat' dir='ltr'><strong>addubitaveris.</strong></span> <span class='ocrx_word' id='word_1_88' title='bbox 1008 1813 1051 1830; x_wconf 86' lang='lat'><strong>--</strong></span> 
     </span>
     <span class='ocr_line' id='line_1_12' title="bbox 42 1875 1049 1977; baseline 0 -24"><span class='ocrx_word' id='word_1_89' title='bbox 42 1890 117 1953; x_wconf 86' lang='lat' dir='ltr'><strong>Janr</strong></span> <span class='ocrx_word' id='word_1_90' title='bbox 136 1907 214 1952; x_wconf 87' lang='lat' dir='ltr'><strong>vero</strong></span> <span class='ocrx_word' id='word_1_91' title='bbox 236 1907 329 1971; x_wconf 76' lang='lat' dir='ltr'><strong>qutun</strong></span> <span class='ocrx_word' id='word_1_92' title='bbox 357 1886 398 1951; x_wconf 93' lang='lat' dir='ltr'><strong>ad</strong></span> <span class='ocrx_word' id='word_1_93' title='bbox 417 1887 632 1968; x_wconf 78' lang='lat' dir='ltr'><strong>Apolliniset</strong></span> <span class='ocrx_word' id='word_1_94' title='bbox 653 1875 748 1954; x_wconf 83' lang='lat' dir='ltr'><strong>Jbvie</strong></span> <span class='ocrx_word' id='word_1_95' title='bbox 768 1892 875 1955; x_wconf 88' lang='lat' dir='ltr'><strong>altaria</strong></span> <span class='ocrx_word' id='word_1_96' title='bbox 894 1899 1049 1977; x_wconf 84' lang='lat' dir='ltr'><strong>quattuor,</strong></span> 
     </span>
     <span class='ocr_line' id='line_1_13' title="bbox 43 1999 1052 2068; baseline 0.002 -5"><span class='ocrx_word' id='word_1_97' title='bbox 43 2001 88 2063; x_wconf 84' lang='lat' dir='ltr'><strong>ad</strong></span> <span class='ocrx_word' id='word_1_98' title='bbox 115 2000 229 2063; x_wconf 83' lang='lat' dir='ltr'><strong>Martis</strong></span> <span class='ocrx_word' id='word_1_99' title='bbox 259 2006 363 2063; x_wconf 91' lang='lat' dir='ltr'><strong>autem</strong></span> <span class='ocrx_word' id='word_1_100' title='bbox 394 2006 428 2062; x_wconf 92' lang='lat' dir='ltr'><strong>et</strong></span> <span class='ocrx_word' id='word_1_101' title='bbox 455 1999 621 2067; x_wconf 79' lang='lat' dir='ltr'><strong>blinervae</strong></span> <span class='ocrx_word' id='word_1_102' title='bbox 654 2000 716 2067; x_wconf 89' lang='lat' dir='ltr'><strong>dno</strong></span> <span class='ocrx_word' id='word_1_103' title='bbox 744 2009 862 2068; x_wconf 91' lang='lat' dir='ltr'><strong>tantum</strong></span> <span class='ocrx_word' id='word_1_104' title='bbox 899 2010 1052 2067; x_wconf 81' lang='lat' dir='ltr'><strong>commata</strong></span> 
     </span>
     <span class='ocr_line' id='line_1_14' title="bbox 43 2112 1053 2200; baseline 0.003 -27"><span class='ocrx_word' id='word_1_105' title='bbox 43 2112 252 2200; x_wconf 83' lang='lat' dir='ltr'><strong>pertinerent,</strong></span> <span class='ocrx_word' id='word_1_106' title='bbox 275 2112 307 2176; x_wconf 91' lang='lat' dir='ltr'><strong>in</strong></span> <span class='ocrx_word' id='word_1_107' title='bbox 337 2119 471 2176; x_wconf 88' lang='lat' dir='ltr'><strong>mentem</strong></span> <span class='ocrx_word' id='word_1_108' title='bbox 480 2113 585 2200; x_wconf 86' lang='lat' dir='ltr'><strong>venit,</strong></span> <span class='ocrx_word' id='word_1_109' title='bbox 606 2115 757 2180; x_wconf 86' lang='lat' dir='ltr'><strong>stationes</strong></span> <span class='ocrx_word' id='word_1_110' title='bbox 764 2115 900 2180; x_wconf 88' lang='lat' dir='ltr'><strong>ohoreut</strong></span> <span class='ocrx_word' id='word_1_111' title='bbox 917 2115 962 2178; x_wconf 89' lang='lat' dir='ltr'><strong>ita</strong></span> <span class='ocrx_word' id='word_1_112' title='bbox 978 2131 1053 2177; x_wconf 89' lang='lat' dir='ltr'><strong>mn-</strong></span> 
     </span>
     <span class='ocr_line' id='line_1_15' title="bbox 42 2223 1052 2311; baseline 0.002 -23"><span class='ocrx_word' id='word_1_113' title='bbox 42 2232 130 2288; x_wconf 86' lang='lat' dir='ltr'><strong>tatas</strong></span> <span class='ocrx_word' id='word_1_114' title='bbox 148 2242 245 2311; x_wconf 89' lang='lat' dir='ltr'><strong>esse,</strong></span> <span class='ocrx_word' id='word_1_115' title='bbox 268 2231 303 2287; x_wconf 91' lang='lat' dir='ltr'><strong>ut</strong></span> <span class='ocrx_word' id='word_1_116' title='bbox 317 2223 357 2290; x_wconf 93' lang='lat' dir='ltr'><strong>ad</strong></span> <span class='ocrx_word' id='word_1_117' title='bbox 371 2224 524 2309; x_wconf 84' lang='lat' dir='ltr'><strong>Apollinis</strong></span> <span class='ocrx_word' id='word_1_118' title='bbox 542 2233 575 2289; x_wconf 97' lang='lat' dir='ltr'><strong>et</strong></span> <span class='ocrx_word' id='word_1_119' title='bbox 591 2225 710 2290; x_wconf 87' lang='lat' dir='ltr'><strong>Dianae</strong></span> <span class='ocrx_word' id='word_1_120' title='bbox 730 2245 815 2292; x_wconf 89' lang='lat' dir='ltr'><strong>aram</strong></span> <span class='ocrx_word' id='word_1_121' title='bbox 826 2235 945 2292; x_wconf 87' lang='lat' dir='ltr'><strong>starent</strong></span> <span class='ocrx_word' id='word_1_122' title='bbox 958 2233 1052 2310; x_wconf 79' lang='lat' dir='ltr'><strong>quet-</strong></span> 
     </span>
     <span class='ocr_line' id='line_1_16' title="bbox 43 2334 1054 2424; baseline 0 -24"><span class='ocrx_word' id='word_1_123' title='bbox 43 2345 135 2423; x_wconf 88' lang='lat' dir='ltr'><strong>tuor,</strong></span> <span class='ocrx_word' id='word_1_124' title='bbox 164 2334 206 2400; x_wconf 91' lang='lat' dir='ltr'><strong>ad</strong></span> <span class='ocrx_word' id='word_1_125' title='bbox 224 2335 338 2402; x_wconf 86' lang='lat' dir='ltr'><strong>Martis</strong></span> <span class='ocrx_word' id='word_1_126' title='bbox 365 2345 470 2404; x_wconf 89' lang='lat' dir='ltr'><strong>autem</strong></span> <span class='ocrx_word' id='word_1_127' title='bbox 497 2347 531 2402; x_wconf 88' lang='lat' dir='ltr'><strong>et</strong></span> <span class='ocrx_word' id='word_1_128' title='bbox 550 2337 714 2404; x_wconf 84' lang='lat' dir='ltr'><strong>Minervae</strong></span> <span class='ocrx_word' id='word_1_129' title='bbox 742 2338 856 2424; x_wconf 85' lang='lat' dir='ltr'><strong>singuli</strong></span> <span class='ocrx_word' id='word_1_130' title='bbox 878 2337 1054 2403; x_wconf 37' lang='lat' dir='ltr'><strong>*eborentae</strong></span> 
     </span>
     <span class='ocr_line' id='line_1_17' title="bbox 45 2447 1123 2539; baseline 0.003 -28"><span class='ocrx_word' id='word_1_131' title='bbox 45 2455 96 2526; x_wconf 84' lang='lat' dir='ltr'><strong>(v.</strong></span> <span class='ocrx_word' id='word_1_132' title='bbox 117 2455 180 2510; x_wconf 90' lang='lat' dir='ltr'><strong>not.</strong></span> <span class='ocrx_word' id='word_1_133' title='bbox 194 2447 225 2510; x_wconf 81' lang='grc'><strong>3.</strong></span> <span class='ocrx_word' id='word_1_134' title='bbox 244 2448 348 2531; x_wconf 70' lang='lat' dir='ltr'><strong>pil).</strong></span> <span class='ocrx_word' id='word_1_135' title='bbox 389 2449 482 2530; x_wconf 79' lang='lat' dir='ltr'><strong>Quod</strong></span> <span class='ocrx_word' id='word_1_136' title='bbox 502 2451 531 2514; x_wconf 89' lang='lat' dir='ltr'><strong>si</strong></span> <span class='ocrx_word' id='word_1_137' title='bbox 551 2457 637 2516; x_wconf 79' lang='lat' dir='ltr'><strong>reete</strong></span> <span class='ocrx_word' id='word_1_138' title='bbox 656 2452 767 2539; x_wconf 87' lang='lat' dir='ltr'><strong>posui,</strong></span> <span class='ocrx_word' id='word_1_139' title='bbox 791 2451 901 2516; x_wconf 87' lang='lat' dir='ltr'><strong>deeem</strong></span> <span class='ocrx_word' id='word_1_140' title='bbox 914 2450 956 2515; x_wconf 90' lang='lat' dir='ltr'><strong>illi</strong></span> <span class='ocrx_word' id='word_1_141' title='bbox 969 2447 1054 2513; x_wconf 86' lang='lat' dir='ltr'><strong>ebori</strong></span> <span class='ocrx_word' id='word_1_142' title='bbox 1120 2496 1123 2514; x_wconf 86' lang='lat'>.</span> 
     </span>
     <span class='ocr_line' id='line_1_18' title="bbox 43 2559 1054 2645; baseline -0.004 -19"><span class='ocrx_word' id='word_1_143' title='bbox 43 2560 174 2628; x_wconf 86' lang='lat' dir='ltr'><strong>trimetri</strong></span> <span class='ocrx_word' id='word_1_144' title='bbox 193 2578 243 2624; x_wconf 90' lang='lat' dir='ltr'><strong>vs.</strong></span> <span class='ocrx_word' id='word_1_145' title='bbox 266 2562 458 2629; x_wconf 71' lang='lat' dir='ltr'><strong>att-245</strong></span> <span class='ocrx_word' id='word_1_146' title='bbox 482 2569 585 2645; x_wconf 85' lang='lat' dir='ltr'><strong>aptam</strong></span> <span class='ocrx_word' id='word_1_147' title='bbox 613 2559 854 2629; x_wconf 85' lang='lat' dir='ltr'><strong>distributionem</strong></span> <span class='ocrx_word' id='word_1_148' title='bbox 879 2561 1054 2644; x_wconf 87' lang='lat' dir='ltr'><strong>admittunt,</strong></span> 
     </span>
     <span class='ocr_line' id='line_1_19' title="bbox 44 2672 1054 2770; baseline 0 -32"><span class='ocrx_word' id='word_1_149' title='bbox 44 2675 142 2738; x_wconf 87' lang='lat' dir='ltr'><strong>Primi</strong></span> <span class='ocrx_word' id='word_1_150' title='bbox 153 2691 214 2738; x_wconf 88' lang='lat' dir='ltr'><strong>sex</strong></span> <span class='ocrx_word' id='word_1_151' title='bbox 225 2675 264 2736; x_wconf 84' lang='lat' dir='ltr'><strong>ab</strong></span> <span class='ocrx_word' id='word_1_152' title='bbox 278 2672 463 2737; x_wconf 89' lang='lat' dir='ltr'><strong>bemiohorio</strong></span> <span class='ocrx_word' id='word_1_153' title='bbox 477 2682 629 2738; x_wconf 89' lang='lat' dir='ltr'><strong>oanuntur</strong></span> <span class='ocrx_word' id='word_1_154' title='bbox 640 2674 733 2740; x_wconf 85' lang='lat' dir='ltr'><strong>Jovis</strong></span> <span class='ocrx_word' id='word_1_155' title='bbox 745 2693 829 2766; x_wconf 86' lang='lat' dir='ltr'><strong>aram</strong></span> <span class='ocrx_word' id='word_1_156' title='bbox 847 2676 1054 2770; x_wconf 70' lang='lat' dir='ltr'><strong>amunte,-</strong></span> 
     </span>
     <span class='ocr_line' id='line_1_20' title="bbox 46 2783 1054 2879; baseline 0.011 -31"><span class='ocrx_word' id='word_1_157' title='bbox 46 2786 159 2862; x_wconf 84' lang='lat' dir='ltr'><strong>(etiam</strong></span> <span class='ocrx_word' id='word_1_158' title='bbox 181 2786 232 2849; x_wconf 88' lang='lat' dir='ltr'><strong>bie</strong></span> <span class='ocrx_word' id='word_1_159' title='bbox 254 2783 472 2849; x_wconf 86' lang='lat' dir='ltr'><strong>bemioborium</strong></span> <span class='ocrx_word' id='word_1_160' title='bbox 491 2786 665 2870; x_wconf 90' lang='lat' dir='ltr'><strong>bipartitum</strong></span> <span class='ocrx_word' id='word_1_161' title='bbox 683 2805 760 2853; x_wconf 88' lang='lat' dir='ltr'><strong>esse</strong></span> <span class='ocrx_word' id='word_1_162' title='bbox 777 2790 852 2854; x_wconf 81' lang='lat' dir='ltr'><strong>lieet</strong></span> <span class='ocrx_word' id='word_1_163' title='bbox 865 2791 1054 2879; x_wconf 81' lang='lat' dir='ltr'><strong>intelligere3</strong></span> 
     </span>
     <span class='ocr_line' id='line_1_21' title="bbox 45 2895 1053 2992; baseline 0.008 -31"><span class='ocrx_word' id='word_1_164' title='bbox 45 2915 122 2961; x_wconf 88' lang='lat' dir='ltr'><strong>nam</strong></span> <span class='ocrx_word' id='word_1_165' title='bbox 145 2896 224 2960; x_wconf 82' lang='lat' dir='ltr'><strong>terni</strong></span> <span class='ocrx_word' id='word_1_166' title='bbox 246 2895 414 2960; x_wconf 88' lang='lat' dir='ltr'><strong>eborentae</strong></span> <span class='ocrx_word' id='word_1_167' title='bbox 436 2896 568 2962; x_wconf 86' lang='lat' dir='ltr'><strong>eandem</strong></span> <span class='ocrx_word' id='word_1_168' title='bbox 586 2901 773 2964; x_wconf 85' lang='lat' dir='ltr'><strong>sententiam</strong></span> <span class='ocrx_word' id='word_1_169' title='bbox 794 2900 944 2988; x_wconf 77' lang='lat' dir='ltr'><strong>efferunt5</strong></span> <span class='ocrx_word' id='word_1_170' title='bbox 965 2905 1053 2992; x_wconf 88' lang='lat' dir='ltr'><strong>quid,</strong></span> 
     </span>
    </p>

    <p class='ocr_par' dir='ltr' id='par_1_8' title="bbox 7 3004 1054 3098">
     <span class='ocr_line' id='line_1_22' title="bbox 7 3004 1054 3098; baseline 0.008 -26"><span class='ocrx_word' id='word_1_171' title='bbox 7 3007 9 3036; x_wconf 69' lang='lat'>³</span> <span class='ocrx_word' id='word_1_172' title='bbox 44 3008 103 3072; x_wconf 78' lang='lat' dir='ltr'><strong>vel</strong></span> <span class='ocrx_word' id='word_1_173' title='bbox 124 3004 297 3088; x_wconf 88' lang='lat' dir='ltr'><strong>interjeotio</strong></span> <span class='ocrx_word' id='word_1_174' title='bbox 317 3008 368 3072; x_wconf 89' lang='lat' dir='ltr'><strong>illa</strong></span> <span class='ocrx_word' id='word_1_175' title='bbox 393 3009 545 3087; x_wconf 71' lang='lat' dir='ltr'><strong>(vetat)</strong></span> <span class='ocrx_word' id='word_1_176' title='bbox 569 3008 652 3074; x_wconf 88' lang='lat' dir='ltr'><strong>bano</strong></span> <span class='ocrx_word' id='word_1_177' title='bbox 674 3009 856 3077; x_wconf 87' lang='lat' dir='ltr'><strong>divisionem</strong></span> <span class='ocrx_word' id='word_1_178' title='bbox 866 3015 991 3098; x_wconf 80' lang='lat' dir='ltr'><strong>arguit)</strong></span> <span class='ocrx_word' id='word_1_179' title='bbox 1011 3049 1054 3064; x_wconf 88' lang='lat'><strong>-—</strong></span> 
     </span>
    </p>

    <p class='ocr_par' dir='ltr' id='par_1_9' title="bbox 7 3119 1054 3214">
     <span class='ocr_line' id='line_1_23' title="bbox 7 3119 1054 3214; baseline 0.004 -26"><span class='ocrx_word' id='word_1_180' title='bbox 7 3125 9 3188; x_wconf 72' lang='grc' dir='ltr'><strong><em>ἶ</em></strong></span> <span class='ocrx_word' id='word_1_181' title='bbox 47 3129 194 3204; x_wconf 87' lang='lat' dir='ltr'><strong>quattuor</strong></span> <span class='ocrx_word' id='word_1_182' title='bbox 221 3119 273 3203; x_wconf 88' lang='lat' dir='ltr'><strong>qui</strong></span> <span class='ocrx_word' id='word_1_183' title='bbox 300 3129 469 3204; x_wconf 82' lang='lat' dir='ltr'><strong>supersunt</strong></span> <span class='ocrx_word' id='word_1_184' title='bbox 494 3120 622 3186; x_wconf 87' lang='lat' dir='ltr'><strong>trimetri</strong></span> <span class='ocrx_word' id='word_1_185' title='bbox 647 3122 688 3187; x_wconf 80' lang='lat' dir='ltr'><strong>ob</strong></span> <span class='ocrx_word' id='word_1_186' title='bbox 716 3122 756 3188; x_wconf 88' lang='lat' dir='ltr'><strong>iis</strong></span> <span class='ocrx_word' id='word_1_187' title='bbox 782 3125 966 3214; x_wconf 74' lang='lat' dir='ltr'><strong>mutentur,</strong></span> <span class='ocrx_word' id='word_1_188' title='bbox 1001 3126 1054 3212; x_wconf 82' lang='lat' dir='ltr'><strong>qui</strong></span> 
     </span>
    </p>

    <p class='ocr_par' dir='ltr' id='par_1_10' title="bbox 7 3193 896 3342">
     <span class='ocr_line' id='line_1_24' title="bbox 7 3193 896 3316; baseline 0.009 -20"><span class='ocrx_word' id='word_1_189' title='bbox 7 3193 9 3308; x_wconf 64' lang='lat' dir='ltr'><strong>i</strong></span> <span class='ocrx_word' id='word_1_190' title='bbox 46 3251 148 3316; x_wconf 87' lang='lat' dir='ltr'><strong>prope</strong></span> <span class='ocrx_word' id='word_1_191' title='bbox 169 3231 320 3313; x_wconf 80' lang='lat' dir='ltr'><strong>Apollinis</strong></span> <span class='ocrx_word' id='word_1_192' title='bbox 341 3233 439 3300; x_wconf 78' lang='lat' dir='ltr'><strong>utare</strong></span> <span class='ocrx_word' id='word_1_193' title='bbox 458 3242 493 3300; x_wconf 83' lang='lat' dir='ltr'><strong>et</strong></span> <span class='ocrx_word' id='word_1_194' title='bbox 512 3233 631 3300; x_wconf 84' lang='lat' dir='ltr'><strong>Dianae</strong></span> <span class='ocrx_word' id='word_1_195' title='bbox 650 3235 753 3302; x_wconf 82' lang='lat' dir='ltr'><strong>looum</strong></span> <span class='ocrx_word' id='word_1_196' title='bbox 772 3235 896 3304; x_wconf 80' lang='lat' dir='ltr'><strong>babent</strong></span> 
     </span>
    </p>
   </div>
   <div class='ocr_carea' id='block_1_3' title="bbox 154 3517 1052 3661">
    <p class='ocr_par' dir='ltr' id='par_1_11' title="bbox 154 3517 1052 3661">
     <span class='ocr_line' id='line_1_25' title="bbox 154 3517 1052 3598; baseline 0.012 -28"><span class='ocrx_word' id='word_1_197' title='bbox 154 3517 253 3572; x_wconf 83' lang='lat' dir='ltr'><strong>audito</strong></span> <span class='ocrx_word' id='word_1_198' title='bbox 269 3519 387 3590; x_wconf 71' lang='lat' dir='ltr'><strong>fragore</strong></span> <span class='ocrx_word' id='word_1_199' title='bbox 408 3517 578 3574; x_wconf 79' lang='lat' dir='ltr'><strong>mulieribus</strong></span> <span class='ocrx_word' id='word_1_200' title='bbox 594 3529 714 3592; x_wconf 82' lang='lat' dir='ltr'><strong>repente</strong></span> <span class='ocrx_word' id='word_1_201' title='bbox 728 3523 930 3579; x_wconf 76' lang='lat' dir='ltr'><strong>normantibua</strong></span> <span class='ocrx_word' id='word_1_202' title='bbox 943 3525 1052 3598; x_wconf 83' lang='lat' dir='ltr'><strong>optima</strong></span> 
     </span>
     <span class='ocr_line' id='line_1_26' title="bbox 155 3602 299 3661; baseline 0.014 -7"><span class='ocrx_word' id='word_1_203' title='bbox 155 3602 299 3661; x_wconf 85' lang='lat' dir='ltr'><strong>convenit.</strong></span> 
     </span>
    </p>
   </div>
   <div class='ocr_carea' id='block_1_4' title="bbox 284 3843 825 3874">
    <p class='ocr_par' dir='ltr' id='par_1_12' title="bbox 284 3843 825 3874">
     <span class='ocr_line' id='line_1_27' title="bbox 284 3843 825 3874; baseline 0.009 -12"><span class='ocrx_word' id='word_1_204' title='bbox 284 3843 825 3874; x_wconf 54' lang='lat' dir='ltr'><strong>w·-</strong></span> 
     </span>
    </p>
   </div>
   <div class='ocr_carea' id='block_1_5' title="bbox 0 0 1371 4810">
    <p class='ocr_par' dir='ltr' id='par_1_13' title="bbox 0 0 1371 4810">
     <span class='ocr_line' id='line_1_28' title="bbox 0 0 1371 4810; baseline 0 0"><span class='ocrx_word' id='word_1_205' title='bbox 0 0 1371 4810; x_wconf 95' lang='lat' dir='ltr'><strong> </strong></span> 
     </span>
    </p>
   </div>
  </div>
 </body>
</html>
