2728 4810
117 967 206 1050 Quae
221 969 383 1057 hucusque
398 967 550 1058 disserui,
572 987 611 1033 ea
630 975 704 1032 sunt
722 967 813 1054 quasi
825 965 1035 1060 londunenta,

32 1081 156 1170 quibus,
178 1086 260 1167 q'uod
281 1086 321 1150 de
330 1085 499 1150 'l'hcbanoe
519 1082 644 1146 fabulae
659 1076 884 1146 commissionis
899 1085 1036 1168 tempore

34 1193 138 1257 sentio
161 1197 437 1279 superstruendum
455 1185 515 1258 est
536 1227 581 1240 -

113 1307 147 1369 N
148 1321 167 1369 e
179 1310 290 1392 longus
304 1327 380 1374 esse
391 1308 513 1393 videar,
543 1317 645 1369 eornm
660 1305 808 1393 rationes,
829 1305 883 1390 qui
892 1303 972 1370 inter
986 1295 1035 1371 Ol

28 1417 84 1504 76,
93 1419 114 1480 4
123 1419 215 1505 em,
224 1419 387 1482 liubulam
402 1419 544 1484 edoctam
558 1419 802 1506 volunt,'vereor
815 1439 856 1482 nc
870 1439 932 1482 non
942 1419 1036 1482 modo

25 1531 249 1611 probabilitatis
269 1531 407 1612 speciem
427 1551 502 1616 prae
521 1549 559 1595 se
579 1550 640 1594 uon
660 1531 781 1619 ferant,
814 1531 874 1594 sed
894 1551 936 1595 ne
959 1547 1035 1595 cre-

27 1620 139 1705 dibiles
170 1641 291 1724 quidem
314 1639 445 1722 judicari
470 1645 602 1726 possint.
655 1643 740 1708 Nam
768 1642 921 1726 siquidem
946 1653 1035 1708 recte

7 1731 104 1816 ¹sese
123 1749 217 1820 habet
238 1751 320 1837 quod
346 1773 407 1817 uno
432 1775 487 1820 cre
516 1771 624 1819 omnes
652 1755 823 1840 affirmant,
856 1764 892 1818 ut
915 1756 1034 1820 Aristi-

26 1865 76 1928 dis
115 1867 249 1929 virtutcs
281 1861 386 1925 nitidis
424 1859 580 1926 coloribus
615 1866 646 1924 in
684 1866 746 1926 hac
784 1865 945 1943 tragoedia
973 1867 1034 1929 de-

24 1975 243 2059 pingerentur,
277 1973 325 2034 sic
353 1974 491 2056 graviter
519 1971 685 2057 perstringi
705 1972 923 2036 Themistoclis
944 1974 1034 2037 inso-

7 2088 172 2172 lentiam,
201 2083 274 2168 qnid
296 2086 395 2168 magis
425 2086 679 2172 exspectaveris,
708 2103 800 2169 quam
827 2092 929 2148 aotam
957 2085 1051 2150 esse'

7 2167 162 2274 'fabulam
195 2206 268 2278 post
303 2193 438 2276 ejectum
469 2197 592 2278 demum
633 2198 733 2280 patria
768 2195 1033 2264 Themistoclem?

24 2308 118 2389 Quod
141 2307 170 2372 si
189 2317 359 2396 tenemus,
375 2329 416 2374 ne
436 2311 517 2374 inter
541 2311 609 2373 illas
631 2309 755 2392 quidem
776 2310 908 2394 Septem
922 2329 951 2374 c.
971 2313 1032 2375 ‘'lh.

22 2422 148 2485 videtur
167 2422 269 2484 fuisse
290 2421 434 2508 fabulas,
456 2422 566 2503 quibus
586 2421 650 2508 77,
678 2422 701 2484 4
727 2423 759 2484 in
779 2433 1033 2496 arenamcontra

23 2535 213 2616 Sophoclem
246 2541 339 2615 poeta
368 2532 549 2621 descendit,
587 2551 682 2615 quum
709 2533 949 2598 Themistoclem
982 2536 1032 2600 his

21 2647 102 2726 ipsis
121 2644 282 2728 Dionysiis
302 2645 436 2708 Athenis
463 2645 564 2709 adhuc
591 2653 751 2707 versatum
779 2662 855 2708 esse
875 2648 1031 2728 probabile

20 2758 74 2820 sit
116 2757 197 2819 Post
218 2766 381 2838 acceptam
400 2775 477 2820 vero
499 2752 620 2820 cladem
640 2757 671 2818 in
692 2755 828 2820 Sioiham
849 2757 889 2821 ad
910 2759 1027 2823 Hiero·-

9 2885 96 2938 ¹nem
116 2883 224 2950 regem
246 2865 441 2947 Aeschylum
467 2885 505 2930 se
528 2870 697 2932 contulisse
718 2878 861 2932 veterum
882 2871 1029 2931 testimo-

21 2980 83 3042 niis
106 2977 260 3041 habemus
283 2977 573 3062 testatissimum1).
613 2981 675 3041 Hic
692 2978 820 3062 degisse
840 2979 965 3043 videtur
988 2979 1028 3042 ad

22 3100 152 3154 mortem
173 3109 276 3171 usque
296 3088 461 3174 Hieronis,
489 3091 542 3154 vel
562 3091 663 3174 paullo
684 3088 815 3173 diutios3
839 3111 882 3154 ne
901 3091 1029 3154 multum

23 3213 128 3266 tamen
148 3209 271 3282 tempus
292 3209 366 3283 post
386 3202 499 3265 obitum
520 3204 605 3288 regis
628 3203 814 3290 Syracusis,
849 3211 903 3267 aut
926 3193 1028 3268 Gelac'

24 3335 95 3378 enm
116 3321 333 3378 commoratum
347 3301 428 3377 ‘esso
447 3323 641 3402 statuamus,
664 3315 792 3402 cubae,
821 3317 932 3398 quibus
953 3324 1028 3376 tuno

24 3427 130 3490 Sicilia
145 3427 338 3511 vexabatur,
359 3433 392 3488 et
408 3427 576 3492 seditiones
598 3426 741 3490 videntur
760 3426 916 3507 impedire.
957 3426 1026 3488 lta·
1066 3427 1080 3446 '

24 3557 87 3619 que
108 3539 198 3603 tertio
218 3538 287 3601 fero
306 3555 388 3602 anno
407 3537 498 3603 rediit
516 3540 658 3604 Athenas
681 3540 738 3622 ²),
768 3534 817 3598 01.
838 3533 898 3622 78,
918 3535 1024 3602 2-3.

66 3820 94 3885 ι)
128 3819 162 3872 V.
180 3821 215 3875 G.
231 3821 389 3876 Hermann.
406 3836 503 3893 opusc.
520 3828 591 3875 tom.
608 3820 647 3873 11.
664 3835 692 3888 p.
712 3832 759 3889 149
776 3833 837 3890 sqq·

70 3930 99 3998 a)
133 3929 205 3985 Inde
228 3933 263 3985 ab
286 3935 378 3990 altero
400 3934 433 3987 in
450 3931 581 3988 Siciliam
605 3929 709 3986 itinere
729 3929 791 4000 (01.
809 3939 859 3996 8ο,
876 3927 908 3990 a)
931 3939 1022 3998 usque

125 4015 164 4070 arl
192 4027 313 4074 mortem
337 4028 442 4090 poetae
464 4021 536 4074 item
564 4028 623 4072 tres
645 4023 714 4072 sunt
741 4013 812 4068 anni
836 3995 1024 4080 (ἐπιὸήθᾱέ

771 4115 822 4180 311
