2724 4812
707 546 950 628 -30-.

314 767 374 834 que
395 729 508 808 falsum
529 741 570 807 tio
592 739 720 807 Gelonis
737 743 865 828 imperIo
886 737 1037 814 miculam
1057 744 1220 840 adhihent,
1252 751 1312 818 hoc

309 857 446 922 rorasse
467 853 796 939 modoexplicandum
818 867 879 924 est.
921 857 1070 951 Fingas,
1092 877 1229 951 quaeso,
1251 883 1312 927 uu·

308 977 424 1032 ctorem
446 959 599 1054 quendam
605 1012 621 1056 ,
656 963 753 1034 uerae
777 979 882 1035 nmen
899 969 1060 1036 'addictum
1081 975 1312 1064 chronologiae,

307 1101 372 1146 rem
392 1080 436 1146 ita
455 1097 620 1171 namosse,
658 1089 694 1146 ut
710 1080 952 1148 'Themistoclem
982 1080 1024 1147 ad
1043 1082 1213 1152 Hieronem
1233 1108 1313 1172 pro-

203 1205 206 1212 ’
307 1195 408 1260 ficisci
428 1196 567 1260 voluisse
589 1195 727 1283 diceret,
762 1194 917 1280 reperisse
942 1206 1046 1284 antem
1065 1196 1096 1258 in
1116 1196 1219 1264 locum
1240 1195 1313 1281 eius

307 1309 510 1374 subsecutum
528 1305 761 1391 Thrasybulum
782 1304 851 1391 (01.
863 1307 906 1374 78
911 1355 924 1397 ,
945 1309 994 1392 2).
1036 1307 1185 1392 sophista
1204 1312 1314 1400 igitur,

306 1439 401 1508 quum
428 1419 511 1485 idem
539 1427 670 1504 septem·
697 1419 786 1482 aunis
822 1428 897 1487 onte
930 1417 1048 1486 iactum
1082 1437 1157 1484 esse
1184 1441 1314 1485 uerrere

305 1525 420 1621 veliet,
447 1553 513 1596 rem
533 1531 577 1595 itt
596 1528 743 1617 mutavit,
770 1536 806 1593 ut
826 1549 922 1612 supro
942 1531 1156 1597 indicavimus.
1208 1530 1314 1612 Cujus

304 1645 350 1734 rei
380 1662 488 1707 ansam
512 1641 663 1725 ¹praebuit
693 1636 746 1703 ilie
772 1647 943 1721 temporum
974 1643 1181 1731 computatio,
1220 1661 1315 1728 quam

301 1755 444 1842 sequitur
465 1751 602 1816 Marmor
624 1745 813 1816 oxoniense.
833 1781 877 1798 -
930 1767 932 1777 ¹

336 1859 481 1948 '‘Quod
501 1869 667 1952 superest,
701 1861 810 1946 paucis
843 1877 954 1926 moneo
982 1843 1023 1926 tie
1048 1861 1100 1927 iiia
1127 1863 1317 1949 scriptorum

303 1977 530 2065 discrepantia,
566 1994 628 2059 qua
656 1965 897 2040 Themistoclem
924 1972 975 2038 alii
1004 1973 1148 2066 (ibunt,
1186 1976 1317 2045 Charon

302 2090 488 2172 Lampsac)
511 2085 551 2152 ud
572 2090 801 2175 Artaxerxem,
828 2084 879 2150 alii
899 2085 1082 2170 (Ephorus,
1108 2087 1209 2175 Dino,
1239 2086 1314 2156 Cli.

303 2199 450 2288 teuchus,
483 2199 696 2282 Heraclides)
724 2199 765 2264 sd
791 2201 930 2262 Xerxem
959 2195 1147 2280 pervenisse
1173 2198 1325 2268 tradunt·

302 2315 404 2398 Quam
427 2309 636 2378 difficultatem
648 2308 837 2376 Dodwellus
859 2309 1011 2394 quomodo
1032 2306 1222 2394 dissolverit,
1244 2315 1326 2380 dixi·

302 2429 335 2494 in
361 2422 625 2493 antecedentibus.
666 2425 740 2489 Jsm
765 2442 843 2487 vero
871 2421 900 2486 si
927 2427 1111 2504 'reputemus
1137 2429 1314 2508 temporum

302 2537 560 2623 perturbationem
580 2542 676 2623 etque
696 2531 783 2619 ἄτην
798 2532 868 2618 ejus
881 2528 1108 2618 tipmtdpmr,
1129 2537 1210 2600 illam
1224 2537 1313 2620 quo-'

301 2669 364 2736 que
384 2629 611 2713 dissensionem
632 2669 676 2714 cx
702 2646 813 2714 eodem
839 2646 926 2712 fonte
953 2651 1101 2712 manasse
1122 2669 1183 2713 non
1203 2669 1309 2734 nega-

237 2737 242 2750 ³
300 2759 396 2828 veris.
459 2757 544 2825 Nam
572 2761 625 2844 qui
651 2757 718 2824 fieri
744 2761 863 2848 potuit,
895 2768 930 2825 ut
953 2759 994 2848 ii,
1032 2760 1085 2843 qui
1109 2759 1160 2824 01.
1181 2759 1242 2848 77,
1276 2761 1314 2827 2.

302 2864 543 2938 'i'hemistoclem
569 2867 610 2935 sd
640 2866 749 2955 regem
773 2869 942 2942 Persarum
973 2871 1105 2938 venisse
1135 2869 1308 2963 maderent,

302 2985 347 3048 do·
363 2985 541 3052 Artaxerxe
561 2977 759 3068 cogitarent?
778 3020 823 3034 -

782 3175 818 3250 5.

350 3389 352 3396 Α
385 3323 445 3388 His
465 3324 664 3412 praemissis,
684 3321 875 3390 redeundum
894 3321 982 3390 nohis
1004 3319 1060 3389 est'
1075 3343 1127 3409 eo,
1147 3323 1229 3388 uude
1250 3323 1304 3386 di-

301 3439 405 3518 gressi
433 3455 550 3503 sumus.
568 3481 571 3488 -
590 3440 688 3523 Igitur
716 3453 796 3522 quse
814 3438 873 3504 *de
891 3448 989 3502 morte
1013 3437 1160 3502 Aristidis
1185 3438 1303 3517 passim

301 3547 446 3630 leguntur
474 3543 515 3614 ad
539 3547 670 3615 breherii
695 3557 899 3634 conspectum
923 3563 1129 3635 revocemus,
1167 3555 1201 3609 et
1220 3567 1303 3630 quoe

301 3655 459 3741 probanda
478 3659 541 3724 sint
562 3652 763 3730 secernamus
784 3665 824 3729 ab
843 3665 902 3750 iis,
937 3683 1018 3746 quse
1038 3659 1204 3742 rejicienda
1224 3681 1302 3724 esse

300 3770 473 3836 videantur.
546 3788 570 3804 ··

382 3881 600 3971 ¹„Suspectam
621 3880 876 3954 Lacedaemoniis
900 3884 993 3952 iidem
1014 3907 1103 3952 suam
1122 3887 1300 3953 Athenien·

302 4011 359 4058 ses
378 3997 517 4079 'graviter
535 3993 692 4089 ferentes,
710 4001 714 4008 '
725 4002 906 4090 peotmiem,
934 4021 1015 4086 quae
1035 4011 1102 4067 erat
1122 4003 1153 4068 in
1174 4003 1298 4084 stipen-
