2724 4812
360 597 364 604 .
446 481 659 604 -.11--'

46 727 203 792 demmuta
223 733 293 812 est,
331 747 433 812 nsque
453 728 494 794 ad
514 729 622 816 fugam
643 726 713 808 ejus
734 725 774 791 ad
796 743 902 810 regem
924 729 1045 795 Persa·-

45 855 127 929 rum,
141 839 242 928 quoad
260 843 418 909 eonsilium
427 850 579 931 nostrum,
594 842 683 906 brevi
698 841 857 925 enarrabo,
872 841 915 909 ita
927 850 1044 930 tamen,

45 965 83 1019 ut
103 974 208 1019 eorum
228 957 427 1043 scriptorum,
449 957 520 1044 qui,
542 975 636 1040 quum
658 955 739 1019 falsa
760 964 793 1018 at
813 973 962 1038 perversa
979 964 1047 1022 tra·

46 1067 139 1154 daut,
175 1077 294 1134 rentum
324 1078 357 1134 et
384 1070 539 1152 plaoidum
565 1069 746 1134 narrationis
774 1085 899 1134 oursum
927 1070 1048 1134 turbare

44 1199 143 1264 posse
162 1182 343 1270 videantur,
366 1186 479 1250 nouom
499 1182 629 1244 habeam
649 1183 805 1246 rationem.
846 1183 926 1246 Post
947 1201 1047 1262 expo·

44 1296 138 1358 sitam
161 1295 284 1360 demum
306 1295 526 1374 Themistoolis
554 1294 709 1358 historiam
728 1296 846 1360 illorum
873 1293 1049 1358 testimonia

44 1405 78 1468 in
101 1425 234 1470 examen
259 1409 402 1492 vocabo,
435 1416 467 1470 et
495 1425 585 1490 quam
610 1405 693 1468 falsa
720 1406 802 1495 siut,
836 1416 870 1472 at
895 1407 947 1473 ubi
975 1405 1048 1472 iona

46 1521 145 1584 lateat
165 1517 277 1584 errans
298 1517 508 1586 demonstrare
525 1518 666 1585 studebo.
687 1553 730 1568 -··

529 1671 721 1785 2

129 1855 301 1938 Postquam
312 1855 532 1918 Themistoclis
546 1856 708 1934 prudentia
726 1855 922 1919 harbarorum
935 1858 1049 1922 elassis

47 1977 116 2032 erat
136 1967 283 2051 deuota,
314 1967 445 2029 Piraeus
469 1971 576 2046 portus
605 1961 747 2042 ejusdem
774 1964 901 2030 oonsilio
927 1968 1048 2030 eonsti-

46 2088 134 2143 tutus
141 2125 154 2166 ,
193 2079 339 2142 Athenae
366 2078 500 2160 danique
526 2094 588 2140 noo
621 2076 690 2140 sino
723 2095 837 2161 magno
863 2077 957 2161 hujus
993 2079 1051 2144 viri

45 2192 183 2275 pannulo
202 2208 285 2254 novo
312 2189 490 2274 gaudebant
516 2207 669 2253 murorum
689 2189 859 2280 praesidio,
895 2199 981 2256 tanta
1000 2193 1052 2258 iile

45 2306 172 2370 valebat
193 2302 276 2386 apud
295 2303 507 2366 Athenienses
528 2304 729 2393 auotoritata,
757 2313 794 2371 ut
813 2303 948 2368 civitatis
970 2305 1053 2369 anuli

46 2417 215 2482 universae
235 2415 268 2479 in
288 2433 359 2478 eum
381 2422 490 2480 essent
511 2415 627 2480 intenti.
675 2417 778 2480 Nimis
798 2435 875 2481 vero
892 2415 958 2496 jam
979 2420 1051 2499 pul·
1077 2407 1080 2412 ’

46 2530 150 2615 lebat,
173 2545 264 2613 quam
278 2536 313 2591 ut
329 2527 380 2591 diu
396 2528 427 2592 in
447 2527 508 2590 hoo
527 2526 685 2612 diguitatis
705 2529 833 2616 fastigio
847 2549 1052 2612 perseverare

45 2649 178 2727 posset,
212 2648 307 2726 atqua
328 2641 429 2730 illam,
463 2657 554 2724 quam
582 2640 623 2705 ad
647 2661 741 2708 unum
764 2643 832 2708 iere
858 2661 965 2708 omnes
987 2663 1050 2710 ax·

47 2755 200 2816 nubentes
221 2753 280 2815 viri
301 2753 422 2834 experti
439 2761 532 2840 suut,
550 2739 667 2819 ¹nivium
688 2739 814 2822 suorum
833 2755 947 2820 vitaret
965 2756 1051 2820 invi-

47 2863 138 2926 diam.
179 2863 310 2945 Populo,
328 2866 409 2928 enim
434 2883 473 2927 ao
501 2866 588 2954 ipso,
625 2866 707 2949 quod
731 2865 819 2947 justo
844 2868 946 2950 magis
972 2867 1052 2932 iutar

46 2994 155 3054 omnes
183 2973 527 3063 emineravidebatur,
555 2978 642 3039 veuit
669 2977 700 3038 iu
722 2976 843 3060 odium3
878 2977 931 3060 qni
958 2995 1053 3061 quum

46 3097 189 3152 oernaret
201 3105 301 3171 panes
315 3088 400 3151 huno
413 3107 507 3156 unum
528 3106 603 3151 ossa
623 3089 755 3154 omnium
772 3107 922 3152 summam
936 3109 1051 3178 rarum,

48 3209 143 3283 atque
170 3200 374 3284 expetentia
401 3198 472 3281 ejus
498 3199 656 3266 fastidium
684 3209 718 3265 et
742 3201 927 3270 insolentem
958 3205 1051 3270 istam

47 3311 223 3395 snperbiam
251 3321 355 3394 natam
381 3321 524 3402 putarat,
558 3313 641 3380 huno
668 3316 698 3379 si
725 3314 910 3399 ‹ieprirnaret
937 3324 970 3378 et
995 3312 1050 3396 jus

48 3442 139 3488 suum
159 3423 240 3486 tueri
258 3432 346 3488 ratus
368 3433 420 3487 ast
439 3434 620 3490 observare
643 3429 824 3493 libertatern.
866 3426 952 3491 soah
971 3445 1049 3494 vero

48 3552 109 3616 quo
129 3535 230 3598 animo
250 3554 323 3600 auru
343 3539 500 3621 prosecuti
518 3539 600 3626 aiut,
629 3559 671 3604 ax
691 3540 879 3622 severitate,
905 3555 967 3621 qua
986 3559 1049 3621 pe-

50 3646 168 3712 cuniam
190 3667 307 3734 eogere
327 3652 467 3739 solebat,
499 3652 573 3717 iioat
592 3649 743 3736 augurari.
791 3649 1049 3719 haoadaamoniis

49 3765 170 3844 autem,
211 3781 302 3847 quam
331 3780 404 3828 anor
436 3765 568 3831 omnium
596 3762 807 3851 oonsiliorum,
846 3761 957 3848 quibus
989 3761 1049 3824 sibi

49 3892 150 3937 rarum
171 3891 351 3956 graecarum
372 3877 529 3960 imperium
549 3874 756 3941 iilisvindioare
769 3875 957 3959 studebant,
979 3871 1048 3936 dis·
1170 3889 1176 3906 ‘

48 4004 161 4052 oussor
192 3987 360 4074 exstiterit,
390 4007 491 4054 uonna
519 3996 585 4052 tota
610 3987 678 4051 iere
704 3985 775 4069 ajon
795 3987 862 4050 vita
881 3998 975 4047 mrum
999 3991 1049 4046 ast
