2728 4810
717 525 920 600 ..50....

318 743 419 808 neque
440 743 460 788 a
479 741 556 808 rege
577 720 670 804 hujus
688 723 734 787 rai
754 724 867 787 mentio
888 733 963 789 ante
983 727 1125 813 iteratur,
1158 743 1254 810 qnam
1270 725 1322 790 nini

317 856 436 910 summa
456 837 605 918 abreptus
625 837 672 898 ira
692 841 725 898 et
745 835 953 920 indignatione
974 839 1123 902 Eteocles
1146 839 1324 904 eemminis

316 969 386 1014 oum
406 949 503 1014 fratre
523 947 676 1013 subeundi
692 950 779 1036 oepit
794 949 960 1013 eonsilium.
1003 951 1086 1016 'dum
1103 951 1225 1016 domam
1244 970 1325 1034 quae

313 1063 420 1126 intimo
441 1064 535 1126 eorde
555 1079 668 1146 pressa
691 1063 744 1127 din
762 1061 958 1148 ferbuerant,
982 1070 1113 1144 repente
1134 1065 1242 1128 uerbis
1262 1063 1326 1127 illis

312 1185 527 1258 prommpnnt:
657 1165 666 1186 ⁸

355 1285 393 1352 oi
408 1307 464 1366 μοι
485 1285 616 1366 πατρὸς
636 1283 680 1365 δὴ
700 1286 764 1349 νῦν
784 1283 872 1367 a'poei
893 1282 1084 1368 τελεςφόροτ
1103 1286 1218 1374 (637),

230 1394 232 1404 ’
311 1410 376 1465 tum
411 1399 533 1464 demum
566 1399 728 1484 profitetur
764 1417 844 1482 quas
878 1400 1005 1464 viderit.
1025 1410 1191 1465 noeturnae
1224 1403 1327 1483 patris

309 1515 438 1596 speeies
457 1515 625 1576 dividentis
643 1510 846 1576 hereditatem
867 1509 1054 1590 (ἐνυπνίων
1071 1509 1326 1597 φαντασμάτων

310 1622 416 1700 ὄψεις,
440 1619 612 1707 πατρῴων
632 1619 821 1701 χρημάτών
841 1620 1007 1698 δατήριοι
1030 1627 1122 1705 oei).

390 1735 489 1820 Igitur
501 1744 667 1818 postquam
679 1743 773 1817 poeta
785 1732 914 1815 prologo
925 1731 1079 1813 quaedam
1098 1737 1189 1815 qnasi
1204 1740 1324 1802 semina

307 1849 468 1913 mandavit
478 1849 621 1934 fabulae,
644 1863 724 1928 quae
737 1843 944 1927 peractione
957 1846 1207 1926 progressionem
1226 1853 1324 1930 paul.

306 1963 391 2026 latim
412 1969 502 2024 esset
528 1959 702 2046 proditura,
734 1957 842 2021 drama
860 1952 977 2033 ”Apsos
995 1953 1115 2033 preosda
1134 1957 1324 2022 Mavortiam

305 2073 567 2156 magnificentiam
594 2071 799 2134 suam'ohoro
821 2070 974 2152 virginum
992 2070 1131 2149 explieat
1149 2079 1268 2133 terrore
1291 2081 1323 2134 et

304 2193 390 2247 metu
411 2183 627 2266 trepidantium
651 2183 845 2247 tumultuarie
869 2180 901 2242 in
925 2180 1128 2256 orchestram,
1141 2194 1320 2268 proruente,

304 2295 487 2360 nt'deornm
510 2297 551 2359 ad
572 2314 643 2358 aras
664 2294 845 2394 provolutus
866 2293 1011 2373 precibus
1030 2292 1097 2356 urbi
1118 2296 1320 2377 etslaorymis
1346 2325 1347 2392 p

304 2417 435 2491 expetat
462 2410 604 2472 salntem.
660 2408 696 2469 In
724 2405 795 2487 ipso
824 2405 978 2491 oarmine,
1015 2405 1068 2468 nbi
1098 2423 1150 2469 ars
1177 2409 1346 2488 naturumi

303 2521 531 2602 veritatemque
547 2519 705 2605 seqnitur,
725 2518 877 2602 imagines
892 2517 1172 2605 splendidissimae,
1195 2537 1316 2584 omnem
1344 2509 1345 2582 i

302 2633 542 2711 expugnationis
570 2642 720 2696 terrorem
740 2629 1104 2694 nitidissimisooloribus
1127 2649 1315 2713 repraesen-
1343 2601 1344 2678 d

265 2783 267 2790 -
302 2749 428 2828 tantes,
450 2742 644 2806 intermixtae
665 2750 739 2804 sunt
759 2742 886 2804 deorum
908 2743 1165 2807 invocationibus.
1207 2745 1315 2809 Oculis

303 2871 432 2918 eernere
456 2854 513 2918 tibi
531 2852 657 2918 uideris·
673 2854 808 2917 hostium
831 2855 1016 2918 exereitunn¹
1028 2857 1130 2940 magis
1151 2859 1314 2941 magisque

301 2967 614 3051 appropinquantem
647 2965 755 3029 vivida
785 2977 818 3029 et
839 2968 995 3031 oonoitata
1022 2968 1137 3049 omnia;
1172 2973 1314 3056 angoris,

244 3073 246 3082 ’
301 3079 534 3162 trepidationis,
556 3078 781 3164 desperationis
802 3079 981 3162 plenissima
999 3079 1042 3160 Ξ).
1055 3113 1111 3169 -ι
1138 3077 1210 3140 Jam
1231 3099 1312 3144 vero

343 3317 370 3387 ι)
405 3313 556 3387 Siquidem
580 3312 661 3366 chori
684 3329 803 3392 mannus,
836 3311 981 3384 imprimis
1009 3327 1043 3366 ex
1069 3314 1243 3370 mulieribus
1263 3319 1308 3370 vel

403 3402 519 3455 senibus
537 3397 705 3470 compositi,
732 3399 764 3450 in
787 3415 821 3450 eo
845 3408 887 3452 est
909 3398 1054 3471 positum,
1075 3410 1110 3452 ut
1134 3401 1261 3472 quietem
1280 3411 1307 3454 et

401 3487 628 3556 perpetuitatem
643 3491 772 3556 opponet
792 3485 983 3554 personarum
1005 3484 1037 3540 in
1055 3503 1141 3538 scena
1158 3486 1305 3556 agentium

400 3569 564 3626 vehementi
587 3571 744 3624 affectuum
769 3570 967 3639 contentioni,
996 3571 1117 3624 eandem
1138 3569 1200 3623 fere
1216 3571 1303 3624 habes

400 3648 434 3703 in
449 3663 549 3708 nostra
565 3655 666 3710 fabula
691 3653 771 3708 chori
793 3656 952 3722 rationem,
988 3656 1025 3710 ad
1049 3655 1184 3708 altiorem
1206 3664 1302 3708 tamen

399 3736 521 3807 gradum
538 3745 677 3795 evectam
710 3739 787 3792 Nam
813 3739 913 3794 eodem
931 3741 1017 3794 modo
1034 3738 1229 3792 tunmltnosus
1247 3741 1301 3792 vir·

400 3822 501 3895 ginnm
519 3837 611 3892 angor
627 3835 657 3879 et
673 3825 815 3879 timiditas
840 3826 998 3896 opponitur
1012 3821 1139 3876 Eteoelis
1162 3824 1258 3877 dolori
1274 3832 1300 3875 et

400 3917 431 3964 et
446 3905 638 3977 cruciatibus,
655 3905 748 3964 multo
767 3909 827 3963 iilis
845 3901 1085 3976 majoribns‚'sed
1102 3908 1194 3962 animi
1209 3909 1301 3962 excel·

398 3993 485 4047 lentis
501 3993 702 4066 magnitudine
719 3995 854 4049 coercitis
871 4003 902 4048 et
918 3993 1065 4065 repressis.
1098 3995 1134 4048 ln
1155 3991 1214 4048 fine
1231 4009 1297 4047 sero
