2728 4810
475 473 676 568 ..39-

68 688 178 762 detun,
222 689 341 756 ,Nonne
352 676 353 684 ¹
369 689 401 754 in
420 689 683 775 Pereis'prorsus
710 691 817 776 alias,
834 669 925 782 quarn
945 693 978 756 in
999 690 1075 758 reli-

68 803 147 884 quis
168 799 293 886 trilog'iis
314 810 407 885 poeta
427 804 517 887 leges
538 792 668 868 secutis
688 810 740 866 est
757 797 834 886 ‘Jt
856 806 905 867 Ita
925 804 1075 891 Thebais,

66 915 183 977 sinon
204 915 355 999 omnium,
388 935 497 980 earam
513 923 636 1002 tamen,
669 932 796 997 quarum
821 912 954 994 majores
975 917 1075 999 parti-

64 1027 161 1090 culue
192 1026 239 1090 ad
254 1047 327 1090 ,nos
358 1035 589 1113 peruenerunt,
625 1026 811 1109 tn'logiarum
842 1027 940 1109 prima
970 1029 1076 1094 haberi
1145 1095 1147 1102 ,

63 1147 196 1226 potest,
233 1139 286 1204 ubi
313 1147 379 1204 tres
407 1139 607 1225 tragoediae,
640 1157 735 1222 quam
764 1157 855 1202 unam
883 1137 1075 1222 eandemque

62 1253 204 1316 fabulam
226 1260 378 1339 tractent,
409 1272 505 1316 urnam
521 1250 664 1316 ,efficiant
692 1259 727 1315 et
757 1250 910 1334 simplex.
947 1253 993 1315 At
1015 1269 1074 1314 oo-

62 1373 172 1433 eurrat
190 1364 322 1446 aliquis,
351 1365 421 1449 qui,
450 1383 545 1446 quarn
564 1363 741 1428 nesciamus
762 1381 803 1427 an
823 1382 884 1426 non
907 1364 1074 1449 Persarum

62 1475 189 1555 triiogia
203 1476 243 1536 in
262 1491 323 1536 suo
344 1478 575 1560 genereuniaa
594 1475 655 1560 sit,
682 1481 810 1564 'ornnem
830 1475 913 1538 hano
932 1474 1073 1547 delibe-

63 1585 147 1647 riore
172 1593 262 1672 arte,
297 1605 357 1667 qua
375 1590 433 1652 *iilo
454 1595 591 1668 tempore
620 1587 757 1670 trilogias
777 1586 961 1670 Aeschylus
983 1605 1073 1650 oom-

62 1697 224 1782 posuerit,
255 1699 440 1764 sententiam
461 1699 493 1762 in
515 1717 602 1762 mera
632 1698 813 1778 oonjeotura
838 1699 971 1781 positam
996 1717 1073 1762 esse

61 1808 156 1874 dicat.
174 1842 217 1866 -ν-
268 1809 493 1891 Comparemus
510 1811 614 1890 vigitur
639 1809 747 1893 ipsas,
779 1826 857 1886 quas
885 1794 1072 1890 superstites

58 1920 236 2002 habemns,
264 1919 452 2002 tragoedias.
506 1917 609 1980 Multa
636 1915 769 1998 quidem,
784 1916 818 1988 in
839 1919 948 1982 Persis
980 1927 1014 1983 et
1040 1922 1073 1984 in

12 2085 14 2114 ,
60 2032 199 2112 Septem
222 2039 331 2094 eontra
360 2029 488 2092 Thenas
517 2005 625 2091 similia
654 2036 748 2112 sunt,
781 2046 819 2092 eo
847 2038 952 2093 tamen
973 2030 1071 2094 dissi-

12 2129 13 2138 *
57 2146 163 2230 milia,
186 2143 269 2226 quod
288 2144 321 2206 in
342 2143 440 2207 altera
455 2139 603 2221 majorem
624 2149 723 2204 artem
742 2139 883 2224 produnt.
925 2143 961 2205 ln
981 2149 1071 2218 utra-

57 2277 122 2340 que
143 2257 258 2320 ohorus
270 2254 416 2319 eundem
435 2253 505 2316 fere
534 2255 636 2318 looum
657 2262 810 2341 ooeupat,
838 2253 899 2317 sed
918 2254 1071 2336 virginemn

56 2370 236 2434 oentilenae
255 2369 350 2430 multo
371 2362 519 2445 majorem
532 2367 688 2446 ,praebent
708 2367 906 2448 varietatem
927 2363 960 2426 in
978 2371 1070 2440 utra·

58 2499 123 2562 qne
152 2479 258 2542 fabula
282 2477 382 2542 nuntii
407 2477 540 2540 narratio
566 2479 747 2564 praevalet,
777 2486 811 2542 at
837 2475 950 2540 videas
978 2493 1071 2558 quarn

57 2593 168 2673 putore
209 2592 250 2654 in.
276 2591 407 2672 sentem
447 2590 630 2652 narrationis
671 2590 794 2654 nimiam
843 2588 1069 2674 simplieitatem

57 2703 201 2766 Eteoelis
224 2703 410 2766 emtionibus
431 2710 525 2784 poeta
547 2703 731 2788 evitaverit,
758 2711 791 2767 et
810 2702 853 2766 ad
872 2709 970 2765 artem
989 2721 1069 2764 vere

59 2812 261 2881 manatione
277 2812 413 2892 ,propina
438 2811 504 2890 jam
528 2813 669 2878 aooedat.
717 2816 761 2879 Et
788 2823 876 2878 reete
910 2816 1068 2877 observa-

12 2923 14 2930 “
55 2935 125 2987 tum
142 2934 210 3009 est,
233 2922 389 3004 dialogum
408 2911 459 2984 hio
479 2926 574 2987 mutto
595 2943 671 3002 esse
693 2925 952 3008 artificiosiorem,
975 2940 1069 3004 quum

56 3038 89 3098 in
110 3037 220 3100 Persia
241 3035 420 3100 autrnutlus
441 3043 550 3120 esset,
586 3041 642 3097 aut
662 3042 749 3098 totas
770 3035 839 3098 fere
861 3035 1069 3098 contineretur
1189 3035 1192 3040 “

56 3151 313 3230 interrogatorum
328 3147 606 3233 ,responsionibum
637 3146 821 3231 omninoque
847 3146 922 3210 illud
943 3155 1067 3226 tempus

58 3267 226 3346 argueret,
258 3257 448 3342 quemdem
468 3258 696 3339 simplieitatem
716 3259 878 3346 tragoedia
897 3251 989 3320 modo
1007 3274 1066 3318 re·

60 3373 212 3454 liquisset.
256 3370 420 3432 'l'ransitus
434 3369 566 3451 denique
581 3371 621 3432 ad
639 3382 825 3454 sequentem
843 3369 991 3454 fabulam,
1016 3370 1068 3452 qui

59 3485 91 3546 in
104 3484 215 3546 Persis
230 3479 437 3565 desideratur,
456 3478 489 3540 in
505 3480 635 3562 Septem
652 3500 744 3565 quam
755 3490 831 3564 ¹apte
851 3489 976 3562 paratus
999 3484 1065 3545 est!

141 3598 178 3659 ln
198 3593 262 3656 fine
291 3589 386 3671 hujus
414 3589 524 3674 eapitis
545 3595 754 3675 suspicionem
781 3592 813 3654 in
833 3591 967 3659 medium
987 3610 1063 3674 pro-

103 3863 128 3925 ι)
164 3860 247 3929 Quod
262 3863 321 3927 jam
338 3858 638 3931 agnovitAristotele's
658 3859 919 3928 Poeuc.xx111,5.
938 3853 1064 3910 niwel-

161 3943 215 3996 ker
232 3945 360 4014 Aeschyi.
378 3943 478 4014 trilog.
496 3961 524 4014 p.
543 3950 685 4015 4J72481·
