2724 4812
711 535 914 607 .-—14-

213 769 215 776 -
315 731 399 813 ως
420 725 505 816 qnid,
526 727 582 794 vix
591 727 773 796 crediderim
785 732 847 797 hoc
863 753 945 799 anno
958 735 1032 800 illud
1046 721 1202 822 negotium
1218 739 1316 801 abso-

313 845 410 911 lutum
424 859 519 929 esse,
540 841 717 912 sed-etiam·
725 855 910 928 sequentem
930 868 1043 913 annum
1050 895 1063 938 7
1084 853 1188 916 sinon
1205 861 1317 938 totum,

311 957 430 1038 portem
458 963 545 1018 certe
572 953 643 1036 ejus
670 959 882 1024 consumsirse
895 961 942 1043 2).
982 963 1093 1046 ltaque
1121 983 1215 1048 quum
1244 973 1320 1047 post

313 1077 471 1150 peractam
499 1066 623 1132 demum
659 1064 841 1152 ἀποφορᾶς
866 1073 1115 1140 distributionem
1142 1077 1235 1142 lande
1267 1079 1321 1140 illa

311 1178 467 1244 Aristides
489 1180 637 1242 celebrari
656 1185 807 1271 potuerit,
829 1185 1044 1250 Themistoclis
1067 1208 1190 1272 quoqne
1212 1187 1321 1252 dicte-

311 1297 389 1358 rium
412 1293 483 1356 hnic
507 1309 586 1355 anno
606 1293 841 1374 assignaverim
881 1300 924 1362 lit
946 1301 1087 1383 quoniam
1100 1299 1273 1362 Aristidem
1288 1301 1325 1361 in

313 1405 533 1497 Themistoclis
563 1401 817 1469 condemnatione
852 1413 1072 1495 aequissimum
1111 1431 1186 1475 sese
1219 1429 1326 1492 prae-

314 1518 423 1582 buisse
444 1517 569 1603 dicunt,
591 1517 730 1580 ·Athenis
751 1537 822 1582 eum
843 1515 893 1584 illo
921 1533 1060 1605 tempore
1080 1523 1210 1586 affuisse
1217 1567 1230 1608 ,
1258 1509 1342 1583 nec

314 1629 346 1690 in
378 1629 486 1688 insulis
522 1628 658 1689 rationes
692 1645 821 1691 curasse
857 1633 1087 1710 stipendiarias.
1106 1633 1326 1699 necessarium

313 1745 373 1800 est.
421 1737 524 1801 Etiam
552 1737 690 1802 Cimonis
727 1741 953 1828 praesentiam,
993 1761 1087 1825 quum
1122 1744 1163 1806 de
1196 1747 1326 1808 inimico

314 1847 464 1934 suffragio
478 1851 650 1939 ferrentur,
674 1851 874 1916 desiderabis.
916 1854 1032 1917 Nonne
1053 1853 1233 1936 conjectura
1257 1859 1327 1920 dn-

316 1967 411 2074 9‘mur
436 1964 477 2027 ad
505 1964 726 2045 suspicandum
749 1962 815 2046 jam
842 1964 975 2028 redisse
1002 1985 1075 2029 eum
1102 1987 1143 2030 ex
1164 1966 1328 2032 Thracia?

314 2075 375 2138 Cui
389 2075 556 2156 suspicioni
569 2076 692 2139 aliunde
706 2078 901 2158 probabilitas
915 2076 1055 2162 additur,
1076 2088 1111 2142 nt
1134 2099 1203 2142 eam
1223 2091 1326 2146 vete-

314 2205 381 2250 rum
397 2186 484 2250 dicas
497 2189 680 2251 auctoritate
697 2187 828 2268 positam
848 2205 933 2249 esse.
974 2187 1161 2250 Plutarchus
1176 2191 1213 2268 ³)
1239 2195 1327 2254 enim

317 2297 478 2363 Cimonem
506 2299 581 2362 dicit
592 2345 604 2387 7
642 2315 736 2380 quum
768 2306 895 2362 cantare
927 2305 1056 2382 mgatus
1099 2309 1225 2362 caneret
1257 2301 1329 2366 οὐκ

317 2409 449 2494 ἀηδῶς,
471 2407 616 2476 ἐπαινεῖν
635 2406 716 2474 τοὺς
735 2407 909 2488 παρόντας
935 2404 983 2472 atr
1003 2407 1202 2491 δεξιώτερον
1227 2413 1327 2490 (dem.

318 2523 512 2602 στοκλέουε,
534 2527 606 2614 qui,
628 2543 722 2610 quum
742 2533 833 2588 esset
852 2523 983 2612 eadem,
1004 2533 1039 2588 ut
1057 2525 1197 2612 videtur,
1221 2545 1327 2591 occa-

358 2813 386 2879 s)
418 2813 510 2879 Hujus
527 2814 571 2866 rei
593 2824 623 2868 et
644 2816 769 2872 aliarum
787 2813 969 2888 quarundam
984 2821 1133 2884 tempore,
1156 2813 1193 2868 de
1216 2816 1326 2887 quihus

419 2896 498 2950 inter
514 2897 591 2952 viros
609 2900 654 2953 dd.
673 2901 804 2956 nondum
820 2902 891 2954 satis
909 2900 1053 2967 convenit,
1070 2899 1156 2951 nullis
1168 2917 1330 2968 argumen.

417 2983 459 3036 tis
474 2983 582 3038 additis
599 2986 699 3056 posui,
717 3003 755 3039 ne
771 2988 862 3054 justos
878 2984 1020 3038 terminos
1038 2983 1153 3036 libellus
1170 2981 1328 3052 egredere-

419 3076 478 3123 tur.
507 3063 633 3124 Uberius
650 3070 695 3126 his
707 3072 749 3125 ,de
765 3070 851 3124 rebus
868 3069 974 3138 loquar
990 3067 1048 3120 alio
1065 3067 1142 3121 loco.
1172 3069 1229 3120 Hic
1245 3069 1328 3124 illud

417 3158 535 3206 tantum
553 3171 672 3208 monere
687 3156 788 3225 liceat,
811 3169 927 3206 omnem
942 3151 1005 3202 fere
1021 3152 1220 3221 perturbatam
1236 3152 1327 3222 huius

420 3236 510 3308 spatii
533 3238 750 3308 chronologiam
772 3236 957 3290 derivandum
980 3251 1043 3289 esse
1066 3253 1101 3290 ex
1123 3237 1180 3292 isto
1198 3239 1325 3308 scripto-

363 3375 364 3378 ,
419 3339 486 3376 rum
507 3339 620 3392 errore,
645 3325 680 3378 de
698 3340 754 3394 quo
772 3321 945 3376 disseremus
961 3319 1049 3376 infra.

360 3443 388 3509 a)
421 3439 561 3496 Aristides
590 3441 669 3495 enim
697 3441 809 3511 collega
833 3439 893 3494 init
916 3441 1048 3496 Cimonis
1075 3443 1109 3497 in
1137 3444 1231 3513 prima
1258 3444 1324 3508 ejns

427 3528 617 3613 στρατηγίᾳ
634 3543 724 3611 (Plut.
740 3543 829 3598 Arist.
847 3541 894 3611 25'3
913 3543 1025 3602 Cimon.
1039 3563 1064 3598 c.
1075 3547 1112 3613 6).
1146 3545 1240 3614 Quum
1250 3561 1324 3600 vero

420 3626 553 3680 Aristidis
571 3630 666 3682 resin
682 3628 809 3682 Thracia
830 3637 929 3696 gestae
951 3647 1098 3702 nunquam
1115 3639 1324 3699 memorentur,

422 3711 565 3779 suspicari
586 3714 657 3768 licet
678 3713 769 3768 fuisse
793 3730 859 3766 eum
880 3715 918 3767 'in
946 3713 1155 3769 constituendis
1177 3713 1324 3768 sociorum

417 3795 538 3852 tributis
563 3809 743 3869 occupatum.
762 3829 794 3840 -
827 3817 853 3851 v.
870 3801 1005 3854 Dodwell
1019 3799 1120 3852 Annal.
1138 3797 1269 3868 Thucyd.
1290 3819 1323 3869 p.

420 3881 462 3934 Gn.
479 3909 512 3922 ·-

361 4003 393 4068 5)
427 4001 538 4053 Cimon.
555 4017 580 4054 c.
596 4019 622 4072 9.
