2724 4812
721 479 921 604 418ss

324 728 375 824 qui
401 743 501 791 annus
530 735 583 790 est
611 724 730 793 medius
763 728 843 793 inter
872 727 1040 794 adventum
1066 728 1097 794 in
1123 727 1234 794 Asiam
1238 773 1252 817 ,
1290 739 1324 792 et

322 847 449 905 mortem
469 837 652 905 Pausaniae.
728 841 729 846 ’
810 843 812 846 ’

804 1028 839 1106 3.

402 1179 491 1244 Bene
513 1178 600 1265 scio,
626 1181 689 1241 non
709 1174 837 1266 defore,
866 1178 918 1265 qui
937 1182 1042 1244 eornm
1061 1179 1323 1263 testimoniorum,

320 1293 430 1376 quibus
448 1309 558 1356 verum
577 1298 748 1372 temporum
766 1293 901 1356 ordinem
914 1291 1077 1356 restituere
1094 1291 1233 1378 tentavi,
1256 1300 1327 1353 tam

317 1405 422 1467 levem
449 1411 483 1466 et
510 1401 655 1486 exiguam
679 1420 755 1466 esse
786 1405 999 1469 auctoritatem
1021 1403 1093 1468 mihi
1122 1403 1326 1485 exprobrent,

317 1513 356 1578 ut‘
372 1516 454 1578 haee
482 1514 582 1576 omnis
609 1515 752 1604 colligate
778 1516 858 1577 inter
887 1535 927 1578 se
955 1523 989 1578 et
1014 1515 1050 1579 in'
1067 1520 1128 1580 uno
1148 1519 1327 1593 conspeetu

315 1626 419 1707 posite
443 1625 485 1687 ad
505 1623 729 1688 discutiendnm
755 1633 925 1702 temporum
953 1625 1174 1690 obscuritatem
1201 1624 1326 1687 omnino

315 1737 430 1799 nullum
463 1734 575 1799 afferro
603 1735 726 1816 possint
754 1732 972 1816 adjumentum.
1013 1732 1057 1796 Et
1083 1743 1171 1797 recte
1197 1736 1327 1817 quidem

315 1849 420 1914 licebit
444 1867 466 1912 a
491 1849 641 1912 seriorum
665 1846 848 1930 scriptorum
877 1845 1062 1910 testimoniis
1086 1844 1137 1910 his
1165 1846 1198 1908 in
1226 1848 1326 1909 rebus

314 1943 402 2026 tanto
422 1959 586 2024 discedere
607 1959 826 2046 confidentius,
848 1967 963 2042 quanto
983 1958 1106 2022 cautius
1124 1957 1328 2040 prospicien-

315 2075 389 2136 dum
409 2079 480 2156 est,
502 2087 542 2130 ne
561 2071 696 2134 testibus
716 2079 771 2134 aut
792 2071 907 2152 ignotis
927 2071 1037 2153 plane,
1057 2077 1113 2132 aut
1129 2069 1240 2134 dubiae
1260 2089 1326 2134 au·

315 2181 485 2268 ctoritatis,
504 2188 558 2244 aut
579 2183 619 2245 eh
640 2185 742 2246 aliena
761 2180 825 2242 fide
844 2177 1052 2259 pendentibus
1070 2189 1207 2243 nostram
1226 2182 1327 2246 iidem

313 2293 530 2377 adjungamus.
572 2292 666 2371 Quod
687 2311 780 2376 quum
800 2293 831 2355 in
851 2291 929 2352 alios
949 2288 1082 2374 multos,
1103 2298 1169 2353 tum
1189 2291 1274 2355 cadit
1290 2296 1327 2356 in

313 2408 531 2494 Plutarchum,
566 2403 618 2488 qui
647 2424 689 2467 ex
714 2405 781 2467 aliis
810 2385 869 2468 sua
899 2401 1000 2466 omnia
1026 2404 1157 2467 corrasit
1184 2405 1326 2469 obscuro

313 2520 439 2602 labore,
472 2519 553 2580 mala
574 2516 747 2584 sedulitate.
788 2514 925 2580 Accedit
943 2515 1025 2600 huo,
1060 2513 1144 2598 qnod
1163 2535 1204 2580 ne
1223 2517 1324 2581 ullum

314 2628 439 2714 quidem
459 2629 539 2689 inter
559 2629 740 2692 illustriores
760 2628 834 2692 novi
854 2626 1046 2690 Graecorum
1065 2626 1170 2710 viros,
1193 2627 1234 2691 de
1255 2648 1323 2711 qno

312 2741 367 2803 vel
387 2739 573 2820 antiquiores
602 2739 770 2821 scriptores
798 2746 846 2801 tot
878 2735 1037 2802 retulerint
1063 2735 1205 2822 fabulas,
1242 2751 1322 2823 quot

313 2851 355 2915 de
376 2827 588 2915 Themistocle
608 2849 762 2914 finxemnt
783 2848 952 2914 mendacia
993 2851 1054 2916 His
1068 2852 1322 2916 annumerandus

313 2973 366 3026 est
385 2983 417 3027 v.
441 2982 469 3026 c.
491 2963 737 3051 Stesimbrotus,
765 2963 922 3052 Thasius,
944 2935 1091 3027 &Cimonis
1121 2979 1258 3024 coaevus
1281 2974 1344 3050 et

281 3061 285 3068 ¹
314 3075 553 3160 Themistoclis,
588 3077 660 3162 qni,
689 3095 782 3158 quum
806 3077 939 3138 virorum
965 3088 1145 3156 magnorum
1171 3061 1344 3140 nudibus*

313 3188 500 3251 obtrectaret
520 3188 642 3275 potius,
662 3205 754 3270 quam
773 3166 882 3248 merita
904 3203 1029 3274 eorum,
1052 3185 1135 3249 siout
1154 3205 1211 3269 par
1232 3195 1314 3271 erat,
1342 3219 1343 3275 p

313 3299 405 3364 laude
431 3308 570 3383 ornaret,
603 3317 684 3382 quoe
709 3297 803 3363 fictae
829 3292 860 3359 in
887 3297 1000 3380 populo
1022 3287 1317 3364 circumferebantur
1341 3375 1342 3390 1

313 3412 553 3476 narratiunculas
573 3411 666 3476 avide
688 3411 831 3494 arripuit,
859 3427 920 3474 neo
940 3429 1041 3493 pauco
1060 3411 1172 3476 leviter
1192 3417 1313 3474 traota-
1341 3397 1342 3453 l

313 3523 361 3584 vit
394 3531 428 3583 et
460 3524 661 3607 negligenter.
723 3525 768 3589 Ut
795 3521 946 3588 comicum
975 3523 1197 3589 Stesimbrotns
1231 3523 1312 3606 egit,
1340 3551 1341 3632 p

314 3633 363 3696 sic
389 3634 591 3717 τραγῳδίαν
616 3632 678 3716 τὴν
704 3630 858 3714 ἱστορίαν
884 3635 1010 3720 scripsit
1034 3632 1229 3717 Phylarchus
1254 3633 1289 3714 1)
1339 3659 1340 3664 κ

316 3800 320 3811 ⁸
415 3819 520 3876 Xerxis
537 3837 611 3874 anno
629 3820 721 3877 additi
736 3830 816 3890 erunt,
842 3836 931 3890 quum
952 3817 1004 3876 alii
1028 3831 1077 3870 eos
1093 3803 1197 3872 Xerxis
1217 3833 1308 3886 regno

335 3975 338 3978 Ι
416 3913 668 3962 annrrmerarent.”
702 3907 796 3960 Aliam
818 3903 902 3971 hujus
926 3904 969 3956 rei
993 3918 1110 3956 causum
1131 3901 1196 3956 vide
1219 3902 1309 3960 infre.

355 3989 381 4053 ι)
416 3989 449 4039 V.
458 3989 555 4056 Polyb.
573 3991 617 4056 11,
635 3991 682 4058 56,
699 4007 716 4060 7
734 3997 764 4042 et
780 3988 910 4043 Sintenis
926 3987 947 4042 l.
962 3987 983 4042 L
1001 4005 1031 4060 p.
1049 4001 1110 4055 205.
