2724 4812
723 538 920 611 ..10...

326 732 504 817 absolvam,
533 733 726 820 plurimis),
755 743 830 818 quot
851 737 995 818 equidem
1015 739 1174 828 consului,
1201 739 1319 804 Aristi-

325 844 395 905 dem
421 843 487 907 vito
515 842 697 910 decessisse
716 848 905 912 contendunt
925 849 1117 935 Olympiadis
1145 861 1320 935 septuage-

323 955 423 1018 simae
442 963 575 1019 octavae
595 977 675 1022 enno
696 961 854 1048 secundo,
873 963 984 1027 eodem
1005 983 1065 1048 qno
1080 966 1195 1051 Hiero,
1216 965 1322 1046 Sym-

235 1155 238 1162 Ι
323 1085 467 1131 cosmum
495 1076 680 1159 tyrannus,¹
699 1072 779 1138 diem
806 1075 878 1139 obiit
905 1094 1089 1157 supremum.
1137 1076 1323 1158 Aeschylus

322 1189 427 1244 entem
452 1201 545 1264 quom
567 1181 621 1260 01.
642 1183 745 1269 77,4
771 1205 791 1248 a
817 1189 972 1270 Sophocle
995 1189 1100 1252 victus
1125 1190 1159 1252 in
1185 1187 1324 1253 Siciliam

253 1313 255 1322 ’
321 1311 361 1356 se
389 1293 561 1380 conferret,
596 1292 679 1356 unde
706 1305 933 1377 postmortem
959 1299 1082 1363 demum
1100 1299 1245 1362 Hieronis
1264 1317 1324 1362 re-

321 1403 419 1466 diisse
438 1404 581 1491 videtur,
605 1406 734 1489 Septem
755 1409 882 1474 tabulae
899 1429 1015 1477 scenae
1035 1412 1219 1474 commissae
1238 1409 1325 1473 lines

320 1519 547 1581 constituuntur
567 1518 646 1580 satis
666 1521 792 1602 angusti
812 1521 880 1602 (01.
900 1523 963 1608 76,
984 1523 1007 1585 4
1026 1555 1070 1570 -
1091 1523 1152 1610 77,
1172 1522 1221 1602 4).

403 1629 485 1690 Huic
511 1647 574 1712 ego
598 1631 772 1694 sententiae
798 1633 899 1694 album
925 1635 1077 1694 colcnlnm
1103 1631 1241 1711 adjicere
1259 1649 1324 1694 ne-

319 1756 410 1820 queo.
435 1765 437 1772 >
466 1738 533 1803 Cur
558 1759 635 1805 vero
667 1743 711 1806 ite
738 1743 871 1807 sentium
899 1761 993 1824 quum
1019 1741 1116 1805 trihus
1144 1744 1250 1806 verbis
1280 1743 1326 1806 ad

316 1850 463 1932 liquidum
484 1871 580 1938 aegre
599 1853 772 1941 perducas,
799 1877 865 1920 rem
884 1857 986 1938 perillo
1006 1854 1100 1920 altius
1119 1853 1328 1936 repetendam

317 1983 393 2028 esse
416 1983 542 2029 censeo.

401 2077 483 2138 Tota
498 2076 569 2160 illa,
591 2097 682 2160 quam
696 2080 826 2165 protuli,
846 2087 1017 2161 temporum
1036 2078 1221 2159 computatio
1238 2074 1325 2138 duo-

316 2189 376 2251 bus
396 2187 529 2250 mcxime
549 2187 657 2251 fulcris
677 2191 866 2274 sustinetur,
888 2208 1015 2271 quorum
1029 2191 1158 2252 alterum
1178 2188 1210 2250 in
1224 2187 1326 2250 testi·-

315 2300 418 2364 monio
450 2301 585 2383 positum
615 2308 673 2364 est
701 2299 836 2364 Cornelii
867 2299 1022 2386 Nepotis,
1066 2300 1118 2382 qui
1148 2299 1217 2362 lere
1246 2307 1327 2378 post

315 2429 429 2476 annum
451 2421 592 2498 quartum
616 2431 709 2496 quam
730 2413 956 2476 Themistocles
976 2412 1112 2476 Athenis
1140 2420 1230 2475 esset
1256 2430 1325 2474 ex-

312 2526 444 2610 pulsus,
484 2511 654 2590 Aristidem
683 2546 703 2590 e
737 2525 803 2589 vita
836 2523 1020 2587 decessisse
1052 2523 1125 2588 dicit
1132 2545 1142 2606 ;
1190 2525 1325 2586 alterum

316 2633 469 2698 Clintonis
489 2637 662 2701 continetur
678 2639 838 2724 opinione,
859 2654 952 2719 quam
967 2635 1025 2718 'qui
1046 2643 1164 2699 temere
1185 2626 1325 2716 amplexi

314 2754 409 2832 sunt,
435 2746 457 2809 ii
479 2744 527 2809 01.
548 2746 611 2830 77,
633 2749 650 2811 1
673 2750 915 2818 Themistoclem
942 2756 1094 2812 testarum
1120 2745 1277 2830 suffragiis
1300 2766 1325 2807 e

313 2857 441 2922 civitate
474 2845 609 2938 ejectum
640 2877 717 2924 esse
749 2862 864 2924 habent
894 2857 1175 2944 persuasissimum.
1227 2858 1326 2921 Haec

312 2969 406 3054 igitur
423 2968 452 3032 si
472 2969 711 3035 labefactamus
716 2980 848 3059 ,totum
867 2981 989 3037 corruat
1008 2989 1144 3034 necesse
1163 2975 1224 3029 est.
1269 3017 1281 3056 Ι.

397 3080 465 3146 Sed
485 3090 520 3145 ut
541 3083 648 3149 viaet
674 3083 793 3149 ratione
816 3093 947 3169 agatur,
979 3100 1039 3146 nec
1061 3080 1225 3162 disputatio
1246 3077 1343 3160 ipsa¹

312 3191 441 3257 historias
466 3194 625 3260 confusior
650 3204 684 3259 et
709 3197 911 3278 perturbatior
930 3194 1004 3281 liat,
1035 3193 1163 3274 primum
1185 3192 1323 3254 'l'hemi-

312 3305 422 3370 stoclis
450 3305 608 3370 historiam
634 3307 706 3370 inde
734 3310 774 3371 ab
803 3308 854 3370 illo
885 3315 1044 3393 tempore,
1083 3323 1144 3386 quo
1174 3312 1324 3387 potestas

313 3415 385 3496 ejus
405 3426 438 3482 et
463 3420 631 3484 auctoritas
660 3421 763 3501 populi
787 3419 903 3486 invidia
927 3418 1177 3502 optimatiumque
1203 3414 1341 3486 studiis.

328 3697 332 3707 .
352 3652 379 3718 r)
413 3667 440 3704 v.
457 3651 496 3713 G.
511 3655 669 3710 Heumann.
685 3655 722 3708 de
739 3654 827 3708 choro
844 3653 997 3710 Eumenid.
1020 3654 1128 3722 Opurc.
1146 3652 1184 3704 11.
1207 3665 1237 3720 p.
1257 3665 1320 3721 ¹47·
1339 3653 1340 3670 ¹

412 3763 448 3777 ·-
482 3735 603 3790 Clinton
623 3740 694 3796 festi
714 3738 830 3793 Hellen.
850 3757 878 3810 p.
896 3747 938 3808 58.
958 3765 993 3783 -·
1025 3739 1127 3806 Haupt
1148 3734 1267 3805 Septem
1291 3753 1321 3788 e.

413 3819 632 3892 Theb.1>.3o5.
652 3853 686 3866 ·-
720 3825 839 3895 Gruppe
855 3822 980 3876 Ariadne
1001 3839 1031 3892 p.
1049 3835 1108 3889 ¹5⁰·
1130 3849 1164 3860 -
1198 3797 1339 3873 Welkerl

411 3904 634 3978 (Schuloeitung
648 3915 719 3976 185²·
737 3911 775 3961 IL
796 3908 833 3961 N.
851 3909 902 3974 εὖ)
918 3905 1073 3959 Aristidem
1090 3921 1128 3956 ne
1149 3904 1233 3956 illum
1250 3905 1319 3973 qui·

411 3989 478 4044 dem
494 4007 620 4060 annum,
645 4007 701 4063 quo
717 3993 822 4046 Persae
838 3993 918 4045 edite
934 3998 992 4058 ert,
1016 3989 1147 4060 attigisse
1162 3996 1255 4058 putot.
