2728 4810
457 553 580 631 ...49
604 593 667 610 ....

53 745 100 810 ad·
116 747 253 814 isidam
266 745 499 837 intelligendam
519 735 701 820 neceesaria
718 762 793 820 sunt
799 799 812 842 ,
835 764 869 822 et
882 757 922 822 ab
935 757 1056 844 adspa-

52 870 126 924 ctus
143 859 260 941 jndicio
279 873 417 951 remota,
454 866 739 954 comprehendunt,
768 865 828 930 sed
848 869 943 936 totius
964 873 1057 936 etiam

49 977 232 1058 tragoediae
263 977 501 1060 explicationem
524 979 719 1044 subobscure
738 973 861 1060 quidem
883 979 1057 1069 indigitant,

50 1086 93 1148 ita
114 1097 237 1173 tameo,
269 1099 306 1153 ut
330 1090 401 1174 ipsa
414 1090 487 1156 lrao
506 1089 742 1172 sigmdoadonis
769 1089 959 1156 obscuritate
978 1113 1057 1176 spe·

49 1207 203 1263 ctetorum
232 1199 321 1264 animi
348 1199 458 1280 mirum
486 1209 632 1284 quantum
653 1199 693 1263 ad
720 1179 920 1284 sequentium
936 1223 1057 1287 exspe-

49 1311 216 1375 ctationem
227 1313 433 1378 intendantur.
474 1313 559 1376 Nam
573 1313 736 1376 Eteoclen
755 1314 934 1380 intellexisti
950 1337 1058 1402 regem

49 1443 125 1487 esse
146 1426 276 1507 probum
296 1420 467 1504 et=justom
483 1425 541 1513 1'),
560 1426 741 1508 patriaeque
761 1427 977 1492 considentem
998 1449 1057 1494 sa-

8 1571 10 1580 ,
47 1536 121 1618 luti3
141 1544 293 1600 vexaunn
312 1542 417 1602 tameo
436 1546 468 1603 et
488 1540 698 1620 perturbatum
717 1537 815 1620 patris
829 1541 1058 1607 exsecrationi-

8 1649 9 1694 ῖ
48 1648 129 1734 bus,
162 1666 262 1732 quae,
291 1665 385 1730 quom
415 1650 508 1715 cardo
534 1651 597 1714 siut
618 1652 713 1714 latim
741 1650 943 1739 tragoediae,
975 1669 1059 1718 nuno

8 1719 11 1830 i
44 1760 184 1842 primum·
215 1771 507 1849 commemorantur,
546 1762 705 1828 deinde
696 1783 735 1825 ιιι
761 1762 886 1826 fabulae
923 1763 1059 1830 decursu

44 1872 212 1952 perniciem
232 1868 387 1934 minantes
412 1881 445 1934 et
471 1872 626 1934 interitum
645 1871 771 1952 propius
793 1887 918 1951 semper
939 1892 1059 1958 aggre-

44 1983 188 2066 diuntur,
218 1979 290 2043 duro
321 1988 395 2062 post
424 1980 554 2045 fratrum
578 1980 705 2046 exitium
730 1987 891 2062 tropaeum
923 1984 1059 2071 erigunt,

8 2117 10 2194 ἐ
45 2103 102 2177 et,
123 2094 173 2159 lris
195 2092 546 2180 dedorim-quieseunt
567 2127 610 2140 -
650 2091 725 2157 Rex
745 2101 850 2156 autem
870 2094 955 2158 urbis
977 2114 1058 2159 con-

8 2209 10 2220 “
45 2205 194 2268 ditionem
214 2215 382 2293 reputans,
417 2223 458 2268 ne
486 2206 599 2271 civium
626 2204 836 2270 fortitudinem
863 2204 1057 2294 infringeret,

44 2335 168 2382 omnem
183 2319 443 2399 perturbationem
457 2327 585 2400 pectore
600 2317 735 2386 delebat
749 2315 927 2382 recondere.
964 2318 1058 2398 Quod
1137 2297 1138 2302 ἵ

44 2432 175 2496 veroin
196 2431 342 2510 precibus
360 2427 421 2493 illis
442 2429 574 2496 dirarum
595 2423 841 2494 commemoratio
863 2428 1000 2514 excidit,
1025 2429 1059 2494 id
1100 2477 1107 2498 r

45 2543 90 2604 de
113 2541 264 2604 industria
285 2549 408 2624 poetam
428 2542 552 2607 iecisse
571 2562 610 2606 eo
629 2542 774 2608 libentius
800 2540 960 2628 largieris,
995 2559 1059 2624 quo

45 2654 172 2716 facilius
210 2653 354 2720 aooide're
387 2655 504 2743 potuit,
543 2662 596 2740 ut,
633 2672 726 2736 quam
759 2661 873 2735 postea
905 2653 1056 2718 Eteocles

44 2765 164 2848 agendi
181 2765 324 2829 ostendit
339 2774 374 2830 ct
392 2766 538 2851 loquendi
557 2753 727 2852 rationem,
751 2785 789 2830 aa
810 2785 872 2830 non
892 2775 956 2844 tam
969 2767 1057 2850 regis

9 2937 10 2946 ,
45 2894 127 2940 ease
147 2875 305 2940 videretur
330 2874 408 2955 justi
430 2897 470 2942 ae
489 2881 596 2966 probi,
631 2898 723 2961 ιιιιιιιι
742 2880 825 2960 impii
844 2879 969 2960 potius,
1004 2877 1058 2960 qui

44 3007 180 3071 regnum
195 2987 404 3075 affectaverit,
419 2991 540 3073 tyranni
551 2991 597 3070 ²).
625 2989 745 3054 Postea
755 3005 857 3070 neque
870 3005 889 3050 a
901 2987 995 3051 choro
1006 2987 1058 3075 ³),

90 3149 117 3216 ι)
153 3145 256 3200 Talem
279 3141 393 3217 cyclica
422 3159 537 3217 quoque
562 3139 687 3196 Thebais
715 3138 861 3206 exhihuit,
888 3137 979 3196 talam
1006 3141 1054 3194 rel

151 3248 258 3288 nomen
279 3231 377 3302 prodit
393 3234 437 3297 (v.
456 3228 575 3283 Wellrer
591 3226 705 3284 Schola.
727 3245 757 3296 p.
775 3244 823 3298 rga
847 3234 909 3282 not.
925 3230 995 3295 57),
1025 3233 1057 3280 et

152 3317 229 3386 quod
252 3316 408 3372 Pausanias
431 3313 484 3384 (V,
512 3331 560 3386 19,
592 3315 622 3379 ι)
645 3313 777 3388 effictum
804 3319 906 3365 manat
930 3307 964 3360 in
987 3325 1057 3363 arca

152 3401 311 3476 Cypseli.
312 3395 435 3454 Serioria
453 3399 567 3452 demum
585 3395 688 3452 aetatis
704 3395 826 3472 tragici,
857 3393 958 3447 favore
975 3391 1055 3446 ducti

151 3503 222 3556 erga
242 3468 375 3556 Argivos,
405 3493 435 3538 et
455 3479 662 3540 Thebanorum
691 3481 772 3536 odio
781 3475 932 3546 commoti,
962 3485 1055 3532 totam

50 3554 55 3562 ’
151 3587 213 3628 rem
230 3569 412 3623 inverterunt
427 3573 466 3636 (ι.
484 3563 634 3622 Welkerl.
652 3567 670 3620 1.
690 3586 716 3637 p.
740 3565 790 3618 166
803 3565 889 3636 aqq).

90 3657 119 3723 a)
154 3652 238 3728 Quod
255 3654 300 3708 vel
319 3654 450 3726 Gruppio
468 3653 587 3722 accidit,
607 3651 733 3708 Ariadne
749 3668 778 3721 p.
797 3655 857 3716 585·
889 3647 1054 3720 („Eteoclaa

151 3741 190 3794 ist
206 3737 391 3794 meisterhait
408 3739 450 3792 ala
468 3739 631 3812 Uaurpetor
647 3734 827 3808 gezeichnet.
830 3735 863 3803 ”J

89 3830 119 3896 5)
154 3824 271 3882 Novisse
290 3823 411 3880 chorum
423 3825 528 3896 Oedipi
546 3817 767 3887 exsecrationes,
785 3820 835 3874 aed
850 3818 1053 3890 religiositate,

97 3910 306 3986 quominus
329 3927 430 3982 aarum
450 3911 629 3964 mentionem
644 3903 737 3960 iaciat
753 3905 904 3980 impediri,
933 3909 1055 3971 apparet

153 4013 195 4060 ax
207 3996 284 4067 Sept.
301 4015 326 4050 v.
342 3999 395 4060 58⁰
406 4013 476 4068 sqq.
497 3993 542 4052 cf.
556 3991 795 4062 Wellrer'l'rilog.
812 3989 907 4063 pgda.
931 3983 1052 4056 Specta·

151 4090 230 4136 tores
248 4064 431 4149 exNemeia‚
449 4097 586 4154 quaeres
604 4086 693 4146 esset,
709 4079 913 4146 cognoverant.

829 4162 851 4222 4
