2724 4812
714 490 914 564 -16-
1016 477 1020 486 ⁴

319 690 400 754 Fieri
431 696 534 751 tamen
568 685 666 769 potuit
700 695 735 750 ut
769 689 1014 774 Themistocles,
1053 707 1145 772 quum
1179 697 1318 754 extrema

319 809 406 884 parta
426 800 499 864 anni
520 799 568 863 01.
590 797 652 882 tt,
672 797 695 860 3
714 798 846 864 Athenis
867 811 1058 888 versaretur,
1081 810 1152 884 post
1167 801 1319 884 Dionysia

320 914 442 978 demum
471 911 632 995 sequentis
663 911 734 974 anui
761 930 860 992 poena
886 913 954 976 ista·
976 913 1106 978 decenni
1133 913 1319 976 afficeretur.

320 1027 459 1107 Tempus
488 1025 570 1087 anim
593 1015 865 1108 *dcrpmropoptp
881 1025 1080 1090 coustitutum
1107 1033 1173 1088 erut
1200 1043 1321 1114 secun-

319 1137 391 1202 dum
407 1135 666 1214 Philochorum1)
686 1136 718 1196 iu
731 1137 866 1201 *Atthide
887 1133 954 1217 rupo
968 1141 1034 1216 -τῆς
1056 1137 1079 1219 ri
1100 1135 1322 1216 πρυτανείας.

314 1249 375 1311 ‘Sin
397 1249 472 1310 alios
490 1246 526 1327 ²)
548 1245 713 1327 audimus,
746 1250 798 1328 qui
815 1252 900 1315 idem
918 1248 972 1313 diri
994 1253 1052 1330 τῆς
1074 1247 1168 1330 ἕκτης
1188 1265 1324 1326 orpora-

319 1357 411 1422 orias
430 1359 548 1420 factum
568 1376 643 1420 esse
670 1356 792 1442 dicunt,
826 1364 934 1444 paucis
955 1364 1115 1426 mensibus
1136 1371 1209 1424 aute
1231 1361 1326 1422 'dhe-

318 1471 478 1534 mistocles
500 1471 628 1553 patriam
648 1469 823 1548 relinquens
844 1475 985 1558 confugit
1004 1475 1119 1558 Argos.
1140 1507 1182 1518 -

403 1585 484 1644 Post
503 1591 631 1644 mortem
660 1579 792 1661 denique
810 1585 988 1646 ‚Pausaniae
1015 1604 1035 1646 a
1056 1583 1327 1663 Lacedaemoniis,

207 1704 211 1732 t
319 1693 371 1774 qui
392 1692 509 1772 patriae
530 1692 727 1775 ignominiam
746 1691 951 1776 resarcirent,
978 1693 1138 1754 societatis
1159 1712 1229 1756 cum
1248 1714 1329 1776 rege

319 1804 486 1866 Persarum
508 1805 548 1867 ad
571 1803 735 1869 Graeciam
756 1803 982 1884 opprimendam
1004 1803 1086 1886 opud
1110 1803 1329 1886 Athenienses

320 1901 398 1979 suos
409 1917 601 1980 insImulatus
618 1925 677 1980 est.
721 1915 871 1994 Quamvis
884 1914 1058 1981 Pausaniae
1070 1924 1208 1996 tempora
1218 1918 1330 1978 incer·-

318 2028 394 2092 tiora
423 2029 486 2089 sint
504 2028 562 2114 ³),
599 2036 721 2111 tamen,
751 2029 779 2090 si
810 2035 951 2112 veterum
989 2028 1164 2090 testimonia
1189 2029 1329 2091 curatius

320 2177 623 2194 Ἣ

323 2275 327 2283 ·
364 2265 389 2328 ι)
423 2280 448 2315 v.
466 2261 562 2314 Meier
577 2261 609 2314 in
627 2263 776 2333 prooemio
793 2261 877 2314 lectt.
892 2259 954 2313 Iud.
971 2257 1091 2314 Halano.
1116 2277 1186 2318 aem.
1208 2260 1330 2317 hibern.

424 2356 454 2409 18
490 2380 508 2406 ι,
1141 2394 1143 2408 .

358 2453 386 2514 a)
420 2361 490 2504 Lesxb.
522 2447 630 2503 rhetor.
659 2457 724 2520 post
746 2447 827 2502 Phot.
850 2448 933 2501 Pors.
961 2461 983 2500 a.
1012 2465 1037 2500 v.
1072 2429 1180 2510 κυρία
1198 2465 1228 2518 p,
1258 2449 1329 2518 ⁶72³

421 2533 518 2587 Schol.
536 2533 681 2604 Aristoph.
698 2534 795 2605 Equit.
812 2551 837 2586 v.
855 2542 915 2602 852.

360 2635 388 2701 3)
424 2633 621 2704 Chronologia
643 2635 804 2688 Pausaniae
830 2633 903 2688 haee
925 2650 986 2698 esse
1007 2633 1137 2687 videtur:
1162 2631 1209 2686 01.
1228 2647 1277 2703 75,
1303 2653 1329 2701 4.

422 2719 507 2772 Paua.
523 2713 694 2786 Byzantium
712 2729 865 2790 expugnet.
898 2711 999 2773 Plures
1024 2735 1115 2778 annos
1131 2718 1180 2771 hie
1199 2735 1330 2772 eommo-

424 2811 505 2855 ratus
524 2811 577 2860 est.
610 2806 730 2872 (iustin.
749 2807 804 2872 IX,
825 2823 847 2861 r.
883 2807 991 2874 „Haec
1010 2803 1080 2856 urbs
1097 2803 1215 2856 condita
1231 2804 1330 2872 primo

335 2947 337 2954 y
422 2889 616 2956 aPausania,
642 2906 708 2958 rege
727 2891 951 2958 Spartanorum,
976 2897 1006 2942 et
1026 2905 1079 2958 per
1100 2897 1214 2956 septem,
1231 2904 1332 2940 annos

419 2981 552 3042 possessa
569 2973 668 3037 futen)
701 2992 726 3025 r.
745 2971 887 3029 Dodwell.
902 2975 923 3030 1.
942 2975 962 3027 1.
979 2991 1008 3041 p.
1025 2971 1067 3026 61.
1094 2969 1231 3037 Sequenti
1248 2977 1331 3025 tem-

420 3072 492 3126 pure
509 3057 693 3127 Megabatem
709 3058 766 3110 sihi
784 3059 923 3124 adjunxit.
939 3045 941 3050 ’
958 3055 1105 3120 Herodis,
1118 3067 1159 3119 32.
1182 3053 1328 3111 ef.Thuc.

422 3144 449 3206 Ι,
469 3155 527 3208 129.
542 3172 580 3184 -
615 3144 661 3198 01.
673 3161 715 3214 77,
729 3160 742 3195 1
756 3159 809 3212 per
824 3141 981 3196 Thraciam
997 3137 1197 3210 proficiscitur.
1231 3138 1328 3206 ‘lfhun

420 3228 523 3294 1,150.
559 3231 623 3296 (Ita
648 3227 750 3280 statuit
774 3228 1001 3294 c.0.Mu11er‚
1024 3227 1057 3286 V,
1076 3225 1136 3289 GL,
1159 3225 1191 3276 in
1216 3222 1328 3276 scholis

422 3311 457 3364 de
475 3311 642 3381 Thucydide
659 3313 790 3380 traditis,
814 3313 865 3382 qui
883 3331 926 3384 op.
946 3306 1142 3376 Pausan.'III,
1163 3325 1209 3374 14,
1228 3327 1251 3360 r.
1270 3327 1327 3378 pro

419 3399 463 3450 M.
480 3397 565 3450 facili
588 3397 748 3452 mutatione
772 3383 957 3450 scribendum
979 3403 1063 3466 putat
1079 3396 1127 3461 Η.)
1161 3393 1328 3446 Revocatus

420 3483 498 3535 redit
511 3484 653 3554 Spartam,
672 3485 773 3553 capitia
789 3482 930 3550 judicium
944 3482 1032 3548 subit,
1049 3477 1214 3534 absolvitur.
1231 3476 1327 3530 Thuc.

422 3567 446 3630 1,
464 3575 519 3626 128·
538 3599 570 3611 -
600 3572 656 3638 „At
672 3569 723 3620 ille
740 3577 807 3638 post
822 3585 882 3644 nup
898 3567 989 3618 multo
1004 3582 1055 3617 sua
1071 3569 1172 3632 sponte
1190 3561 1225 3612 ad
1243 3577 1326 3614 exer-

423 3647 532 3700 citum‘’
557 3657 569 3717 (
580 3655 629 3722 qui
646 3653 776 3722 Byzantii
795 3652 877 3717 erat)
906 3651 1040 3717 „rediit”
1058 3646 1173 3699 Cornel.
1195 3647 1282 3698 Paus.
1303 3669 1327 3702 c.

336 3755 337 3760 ’
419 3767 448 3818 3·
470 3778 506 3791 -
542 3750 589 3803 Ol.
605 3769 653 3821 ῃ,
670 3773 686 3822 5
705 3739 874 3817 σύμμαχοι
894 3732 978 3812 μετὰ
992 3733 1153 3811 ‘Kromnos
1173 3731 1326 3812 ἐπολιόρ-

424 3847 535 3919 κησαν
559 3837 673 3904 αὐτόν.
704 3857 778 3908 Piut.
797 3854 913 3918 Cimon,
932 3850 1067 3914 Thumi,
1088 3864 1146 3916 ¹5¹·
1181 3847 1328 3904 Discessit

423 3939 459 3992 ad
479 3938 605 3992 Gelonos
617 3939 755 4004 Troadis3
774 3940 865 3994 denuo
882 3943 1044 4002 accusatus,
1061 3933 1225 4005 iterumque
1241 3951 1327 3988 reuo-
