2724 4812
488 531 492 548 1

454 551 628 624 ,9η

45 748 129 812 lolioi
142 749 284 832 ¹quodam
312 769 390 816 casu
417 731 506 814 nobs
533 757 585 813 est
610 755 777 812 servatum.
817 747 865 810 Eo
894 747 1041 815 docemur

46 861 177 947 Persas,
198 881 279 944 quae
299 863 421 951 fabula,
433 873 474 928 ut
495 863 682 926 scholiastae
704 869 915 942 argumentum
934 869 1039 924 testa-

46 979 114 1048 tur,
141 973 278 1038 Menona
306 978 452 1041 archonte
474 977 521 1042 01.
542 975 584 1038 76
590 1018 603 1059 ,
624 974 646 1036 4
674 971 756 1036 edita
782 980 850 1058 est,
881 981 952 1046 ante
973 975 1040 1038 Se-

44 1090 128 1164 ptem
155 1096 262 1164 contra
279 1090 411 1152 Thebas
440 1091 471 1152 iu
492 1103 621 1152 soonam
643 1085 826 1165 'productam
848 1102 932 1166 esse.
960 1082 1042 1152 ,sed

44 1195 85 1257 ab
98 1196 193 1260 altera
215 1201 306 1264 etiam
323 1209 414 1282 'parte
432 1207 587 1282 ponuntur.
604 1197 739 1282 termini,
762 1213 840 1277 quos
854 1195 961 1278 egredi
982 1213 1042 1259 non

43 1307 124 1370 licet.
184 1310 237 1374 Ex
263 1313 302 1375 iis
338 1312 419 1375 enim
452 1329 533 1394 quae
563 1308 748 1372 Plutarchus
762 1310 806 1389 J)
837 1308 929 1374 tradit
964 1306 1043 1370 satis

43 1421 233 1507 luculenter,
261 1431 411 1506 utputo,
442 1429 587 1507 apparet,
605 1430 717 1487 actam
737 1443 812 1488 esse
833 1421 968 1484 fabulam
988 1420 1042 1482 ui-
1110 1429 1113 1434 '

43 1542 141 1594 veste
160 1534 264 1597 adhuc
280 1533 438 1618 Aristide,
466 1535 578 1617 quippe
597 1533 637 1598 ad
662 1555 773 1622 quom,
794 1543 950 1616 tamquam
970 1528 1044 1611 aaz·

7 1735 8 1738 Ἴ
45 1649 122 1705 eaor
142 1641 272 1724 ἄνδρα,
302 1623 337 1709 ut
356 1646 507 1710 Herodoti
533 1647 631 1710 verba
658 1647 879 1733 malaciam,
915 1643 974 1710 nal
996 1645 1041 1706 62-

43 1755 233 1834 uczdmrcv,
259 1759 438 1840 Amphiarai
467 1778 572 1822 mores
600 1769 693 1840 poeta
721 1761 866 1823 retulerit.
910 1759 970 1822 Cui
997 1759 1043 1822 rei

42 1869 153 1933 nollem
178 1871 273 1936 iidem
305 1870 497 1951 denegasset
524 1873 703 1934 Boeclahius
728 1871 783 1953 2ὶ,
820 1871 862 1932 V.
885 1869 953 1953 Ol,
991 1871 1044 1954 qui

43 1999 131 2064 „uon
156 1983 318 2070 multum”‚
355 1985 417 2067 uit,
450 1981 581 2068 „tribuo
609 1980 681 2042 huic
709 1979 832 2065 famae,
868 1981 920 2062 qui
945 1981 1043 2043 sciam

44 2090 227 2154 simillimum
248 2093 391 2175 quiddam
412 2094 452 2164 de
477 2092 645 2156 Palamede
664 2091 824 2174 Euripidis.
838 2093 952 2155 narrari
972 2101 1045 2174 post

46 2203 186 2268 Socratis
210 2209 398 2289 supplicium
433 2205 534 2292 edita,
572 2204 631 2268 sed
660 2205 762 2268 valde.
783 2202 856 2268 illud
890 2203 1044 2270 dubium.’‘

42 2318 116 2382 Hoc
135 2319 227 2403 igitur
246 2327 429 2405 teneamus,
457 2327 582 2380 nostrae
602 2317 727 2382 fabulae
748 2304 995 2400 commissionem
1012 2318 1045 2381 in

43 2427 118 2493 illud
132 2439 257 2512 tompus
270 2429 413 2515 caderes
424 2429 507 2512 quod
528 2438 579 2492 est
598 2431 678 2494 inter
692 2431 866 2494 Persarum
881 2431 1047 2493 editionem

44 2549 81 2603 et
105 2541 403 2605 mortem'Aristidis
429 2539 630 2621 interjectum.
672 2541 829 2606 Aristides
848 2527 933 2606 ¹vero
960 2560 1044 2625 quo-

43 2669 117 2714 nam
150 2671 230 2715 anuo
257 2652 323 2717 fato
349 2654 518 2718 defunctus
548 2649 621 2717 est‘l
678 2653 827 2733 Quaestio
856 2655 1045 2745 difficillima,
1108 2703 1111 2712 .

44 2765 225 2849 noceatis,
246 2774 281 2828 ut
300 2766 440 2851 videtur,
461 2757 629 2852 profligata.
672 2767 761 2846 Quae
782 2783 802 2832 a
821 2768 897 2832 uiris
919 2767 1047 2832 eruditis
1099 2817 1100 2820 ,

44 2874 119 2937 aevi
151 2875 334 2938 recentioris
360 2878 392 2938 in
426 2879 508 2944 hauc
538 2896 604 2940 rem
641 2881 713 2942 aurit
746 2880 902 2960 disputata
934 2879 1047 2943 affeme

45 2985 166 3072 omnia,
188 2989 426 3070 accuratiusque
447 2997 595 3052 excutere
614 2990 701 3051 multi
719 2990 865 3070 temporis
885 2989 1047 3052 foretne-

44 3097 181 3184 gotium,
214 3117 277 3162 neo
301 3100 654 3182 limites-circumscripti
680 3097 774 3180 huius
793 3101 885 3164 lilielli
904 3102 997 3164 talem
1017 3102 1049 3166 in

45 3208 231 3272 disserendo
249 3209 411 3276 admittunt
427 3208 640 3295 prolixitatem
677 3213 725 3277 'Ut
745 3212 854 3296 paucis
872 3213 966 3298 igitur
982 3229 1048 3278 rem

45 3357 353 3380 *lt-m

87 3462 113 3526 ι)
150 3459 268 3516 Aristid.
287 3480 311 3516 o.
327 3479 360 3532 33
375 3463 423 3516 ef.
440 3407 649 3536 Apophtlregmd.
665 3483 695 3535 p.
712 3468 770 3528 136.
786 3466 834 3532 lr.;
860 3463 897 3517 de
913 3461 1048 3520 audiena

149 3555 228 3617 poet.
246 3565 275 3618 p.
292 3564 333 3616 3²·
350 3548 378 3604 d.
396 3553 433 3618 (c.
450 3553 509 3617 rr):
525 3549 703 3621 Philopoem.
721 3569 745 3604 c.
766 3566 806 3618 ¹5·

87 3657 116 3724 a)
150 3658 254 3715 Graec.
277 3659 407 3730 aragona.
425 3661 550 3732 princip.
566 3681 594 3733 p.
612 3665 654 3730 56.
687 3661 798 3716 Eodem
819 3661 948 3715 animum
962 3661 1050 3716 inoli-

39 3789 46 3796 .
149 3743 339 3814 natWellrer‚
356 3747 390 3804 V.
398 3746 456 3815 Cl.,
472 3747 505 3802 im
520 3745 759 3818 Ephemeridibus
773 3745 958 3800 Scholasticis
975 3755 1049 3814 1832.

152 3828 189 3879 11.
207 3828 244 3880 N.
260 3846 293 3898 ²3
309 3839 463 3902 propterea
479 3831 557 3902 haud
574 3833 660 3886 dubie
678 3831 768 3902 quod,
800 3847 873 3901 quae
896 3831 931 3883 de
947 3830 1050 3882 Aristi-

153 3909 197 3962 dis
221 3929 295 3968 amno
316 3915 401 3969 fatali
424 3915 481 3972 sibi
503 3915 659 3986 persuasit,
686 3932 753 3970 oum
774 3915 892 3970 fabulae
914 3915 1049 3968 commis-

153 3995 243 4051 riom·
260 4007 390 4070 tempore
408 4017 468 4054 non
486 4010 659 4070 congruunt.
